"full_name","spec_B","spec_T","spkid","pdes","name","prefix","neo","pha","sats","H","G","M1","M2","K1","K2","PC","diameter","extent","albedo","rot_per","GM","BV","UB","IR","H_sigma","diameter_sigma","orbit_id","epoch","epoch_mjd","epoch_cal","equinox","e","a","q","i","om","w","ma","ad","n","tp","tp_cal","per","per_y","moid","moid_ld","moid_jup","t_jup","sigma_e","sigma_a","sigma_q","sigma_i","sigma_om","sigma_w","sigma_ma","sigma_ad","sigma_n","sigma_tp","sigma_per","class","producer","data_arc","first_obs","last_obs","n_obs_used","n_del_obs_used","n_dop_obs_used","condition_code","rms","two_body","A1","A1_sigma","A2","A2_sigma","A3","A3_sigma","DT","DT_sigma"
"   433 Eros (A898 PA)",S,S,20000433,433,Eros,,Y,N,0,10.41,0.46,,,,,,16.84,34.4x11.2x11.2,0.25,5.27,4.463e-04,0.921,0.531,,,0.06,"JPL 659",2460600.5,60600,2024-10-17.0,J2000,0.2227,1.458,1.133,10.83,304.27,178.91,86.67,1.78,0.5597,2460445.66,2024-05-15.1,643,1.76,0.15,58.5,3.29,4.58,9.4e-09,1.6e-10,1.4e-08,1.2e-06,3.6e-06,4.0e-06,1.5e-06,1.9e-10,9.0e-11,2.6e-06,1.0e-07,AMO,Giorgini,46582,1893-10-29,2021-05-13,9130,4,2,0,.29796,,,,,,,,,
"   719 Albert (A911 TB)",S,,20000719,719,Albert,,Y,N,0,15.59,,,,,,,,,,5.801,,,,,,,"JPL 266",2460600.5,60600,2024-10-17.0,J2000,0.5468,2.636,1.195,11.58,183.86,156.22,148.45,4.08,0.2303,2459955.83,2023-01-11.3,1.56e+03,4.28,0.201,78.4,1.41,3.14,2.0e-08,2.5e-09,5.4e-08,2.7e-06,1.5e-05,1.5e-05,2.8e-06,3.8e-09,3.3e-10,1.2e-05,2.2e-06,AMO,"Otto Matic",41042,1911-10-04,2024-02-15,2076,,,0,.40669,,,,,,,,,
"   887 Alinda (A918 AA)",,S,20000887,887,Alinda,,Y,N,0,13.84,-0.12,,,,,,4.2,,0.31,28.41,,0.832,0.436,,,,"JPL 505",2460600.5,60600,2024-10-17.0,J2000,0.5711,2.473,1.060,9.40,110.42,350.47,340.20,3.88,0.2535,2460678.61,2025-01-03.1,1.42e+03,3.89,0.0805,31.3,1.32,3.22,7.9e-10,1.1e-09,1.9e-09,8.7e-08,3.7e-07,3.6e-07,5.2e-07,1.7e-09,1.7e-10,2.1e-06,9.5e-07,AMO,"Otto Matic",38971,1918-02-03,2024-10-15,3774,,,0,.42729,,,,,,,,,
"  1036 Ganymed (A924 UB)",S,S,20001036,1036,Ganymed,,Y,N,0,9.20,0.30,,,,,,37.675,,0.238,10.297,,0.842,0.417,,,0.40,"JPL 1267",2460600.5,60600,2024-10-17.0,J2000,0.5328,2.665,1.245,26.69,215.49,132.50,6.98,4.09,0.2265,2460569.66,2024-09-16.1,1.59e+03,4.35,0.345,134,1.95,3.04,1.2e-09,1.3e-09,3.3e-09,1.1e-07,2.3e-07,2.8e-07,7.0e-07,2.0e-09,1.6e-10,3.1e-06,1.2e-06,AMO,"Otto Matic",36517,1924-10-23,2024-10-15,11089,0,1,0,.32105,,,,,,,,,
"  1221 Amor (1932 EA1)",,,20001221,1221,Amor,,Y,N,0,17.38,,,,,,,1.0,,,,,,,,,,"JPL 122",2460600.5,60600,2024-10-17.0,J2000,0.4347,1.92,1.085,11.87,171.26,26.72,271.70,2.75,0.3704,2460838.87,2025-06-12.3,972,2.66,0.111,43.1,2.21,3.78,3.3e-08,8.9e-10,6.3e-08,4.3e-06,1.8e-05,1.9e-05,7.4e-06,1.3e-09,2.6e-10,2.0e-05,6.8e-07,AMO,"Otto Matic",33812,1932-03-12,2024-10-07,625,,,0,.45197,,,,,,,,,
"  1566 Icarus (1949 MA)",,,20001566,1566,Icarus,,Y,Y,0,16.55,,,,,,,1.0,,0.51,2.2726,,0.774,0.520,,,,"JPL 182",2460600.5,60600,2024-10-17.0,J2000,0.8270,1.078,0.187,22.80,87.95,31.43,160.86,1.97,0.8805,2460417.82,2024-04-17.3,409,1.12,0.0342,13.3,3.22,5.3,2.3e-09,1.3e-09,2.7e-09,6.0e-07,2.3e-07,3.6e-07,4.9e-06,2.4e-09,1.6e-09,5.2e-06,7.5e-07,APO,"Otto Matic",27425,1949-07-01,2024-08-01,1755,10,13,0,.37282,,,,-3.6e-15,2.9e-16,,,,
"  1580 Betulia (1950 KA)",,C,20001580,1580,Betulia,,Y,N,0,14.68,0.00,,,,,,5.8,,0.08,6.1324,,0.656,0.249,,,,"JPL 309",2460600.5,60600,2024-10-17.0,J2000,0.4876,2.195,1.125,52.19,62.23,159.73,319.03,3.27,0.3031,2460735.68,2025-03-01.1,1.19e+03,3.25,0.136,52.9,1.86,3.07,3.7e-10,3.2e-10,8.7e-10,7.1e-08,1.0e-07,1.3e-07,2.4e-07,4.8e-10,6.7e-11,8.1e-07,2.6e-07,AMO,"Otto Matic",26282,1952-10-27,2024-10-11,1784,5,6,0,.51512,,,,-3.0e-15,4.9e-16,,,,
"  1620 Geographos (1951 RA)",S,S,20001620,1620,Geographos,,Y,Y,0,15.27,,,,,,,2.56,5.0x2.0x2.1,0.290,5.22204,,0.862,0.471,,,0.15,"JPL 764",2460600.5,60600,2024-10-17.0,J2000,0.3356,1.246,0.828,13.34,337.15,277.01,289.36,1.66,0.709,2460700.14,2025-01-24.6,508,1.39,0.03,11.7,3.45,5.07,9.0e-10,2.0e-10,1.1e-09,4.1e-08,1.9e-07,2.2e-07,4.1e-07,2.6e-10,1.7e-10,5.9e-07,1.2e-07,APO,"Otto Matic",26433,1951-09-14,2024-01-27,8159,3,4,0,.29384,,,,-3.7e-15,2.4e-16,,,,
"  1627 Ivar (1929 SH)",S,S,20001627,1627,Ivar,,Y,N,0,12.83,0.60,,,,,,9.12,,0.15,4.795,,0.872,0.459,,,,"JPL 1342",2460600.5,60600,2024-10-17.0,J2000,0.3970,1.863,1.124,8.45,133.08,167.84,156.41,2.60,0.3875,2460196.84,2023-09-09.3,929,2.54,0.112,43.6,2.65,3.88,7.3e-10,2.9e-10,1.4e-09,3.4e-08,2.7e-07,3.0e-07,2.6e-07,4.0e-10,9.0e-11,6.0e-07,2.2e-07,AMO,"Otto Matic",34714,1929-09-25,2024-10-10,13369,3,1,0,.2819,,,,1.7e-15,3.7e-16,,,,
"  1685 Toro (1948 OA)",S,S,20001685,1685,Toro,,Y,N,0,14.28,,,,,,,3.4,,0.31,10.1995,,0.880,0.470,,,,"JPL 813",2460600.5,60600,2024-10-17.0,J2000,0.4361,1.368,0.771,9.38,274.21,127.27,196.26,1.96,0.616,2460866.28,2025-07-09.7,584,1.6,0.0504,19.6,3.48,4.71,7.6e-10,1.7e-10,1.0e-09,4.6e-08,1.9e-07,2.2e-07,3.4e-07,2.5e-10,1.2e-10,6.0e-07,1.1e-07,APO,"Otto Matic",27770,1948-07-17,2024-07-28,5575,7,2,0,.32377,,,,-2.3e-15,2.3e-16,,,,
"  1862 Apollo (1932 HA)",Q,Q,20001862,1862,Apollo,,Y,Y,1,16.08,0.09,,,,,,1.5,,0.25,3.065,,0.819,0.481,,,,"JPL 534",2460600.5,60600,2024-10-17.0,J2000,0.5599,1.471,0.647,6.35,35.56,286.03,252.87,2.29,0.5527,2460794.35,2025-04-28.8,651,1.78,0.026,10.1,3.06,4.41,1.6e-09,1.7e-10,2.3e-09,7.3e-08,8.0e-07,6.6e-07,5.0e-07,2.7e-10,9.7e-11,9.3e-07,1.1e-07,APO,"Otto Matic",34041,1930-12-13,2024-02-24,3461,8,9,0,.46463,,,,-3.7e-15,2.0e-16,,,,
"  1863 Antinous (1948 EA)",Sq,SU,20001863,1863,Antinous,,Y,N,0,15.45,,,,,,,2.1,,0.24,7.453,,0.763,0.359,,,,"JPL 238",2460600.5,60600,2024-10-17.0,J2000,0.6063,2.261,0.890,18.35,346.00,268.57,173.83,3.63,0.2898,2460000.70,2023-02-25.1,1.24e+03,3.4,0.187,72.6,2.01,3.3,8.2e-10,1.1e-09,1.9e-09,1.1e-07,2.3e-07,3.6e-07,7.1e-07,1.7e-09,2.1e-10,2.0e-06,8.9e-07,APO,"Otto Matic",27693,1948-03-05,2023-12-30,1369,,,0,.52625,,,,,,,,,
"  1864 Daedalus (1971 FA)",Sr,SQ,20001864,1864,Daedalus,,Y,N,0,14.86,,,,,,,3.7,,0.273,8.572,,0.830,0.500,,,,"JPL 737",2460600.5,60600,2024-10-17.0,J2000,0.6143,1.461,0.564,22.21,6.61,325.66,34.28,2.36,0.5581,2460539.09,2024-08-16.5,645,1.77,0.27,105,3.11,4.34,4.8e-10,3.6e-10,7.3e-10,5.6e-08,1.1e-07,1.2e-07,7.0e-07,5.9e-10,2.1e-10,1.2e-06,2.4e-07,APO,"Otto Matic",19562,1971-03-24,2024-10-13,6000,1,0,0,.33725,,,,,,,,,
"  1865 Cerberus (1971 UA)",S,S,20001865,1865,Cerberus,,Y,N,0,16.79,,,,,,,1.2,,0.22,6.8039,,0.790,0.442,,,,"JPL 360",2460600.5,60600,2024-10-17.0,J2000,0.4668,1.08,0.576,16.10,212.89,325.29,328.39,1.58,0.8782,2460636.50,2024-11-21.9,410,1.12,0.157,61,3.41,5.59,2.2e-09,9.9e-10,2.1e-09,7.5e-08,1.5e-07,1.8e-07,2.0e-06,1.4e-09,1.2e-09,2.3e-06,5.6e-07,APO,"Otto Matic",19321,1971-11-10,2024-10-03,2359,,,0,.45461,,,,-4.7e-15,2.0e-15,,,,
"  1866 Sisyphus (1972 XA)",S,,20001866,1866,Sisyphus,,Y,N,1,12.50,,,,,,,8.48,,0.15,2.4,,,,,,,"JPL 1031",2460600.5,60600,2024-10-17.0,J2000,0.5380,1.894,0.875,41.21,63.45,293.12,349.34,2.91,0.3782,2460628.69,2024-11-14.1,952,2.61,0.104,40.5,3.25,3.51,1.2e-09,4.6e-10,2.3e-09,4.9e-08,1.2e-07,1.4e-07,2.7e-07,7.1e-10,1.4e-10,7.3e-07,3.5e-07,APO,"Otto Matic",25445,1955-01-26,2024-09-25,9077,0,1,0,.30319,,,,,,,,,
"  1915 Quetzalcoatl (1953 EA)",,SMU,20001915,1915,Quetzalcoatl,,Y,N,0,18.38,0.10,,,,,,0.5,,0.21,4.9,,0.784,0.430,,,,"JPL 13",2460600.5,60600,2024-10-17.0,J2000,0.5703,2.544,1.093,20.40,162.93,347.77,284.48,4.00,0.2429,2460911.48,2025-08-23.9,1.48e+03,4.06,0.111,43.2,1.07,3.12,2.2e-07,8.2e-08,5.9e-07,6.6e-05,6.3e-05,9.2e-05,1.8e-04,1.3e-07,1.2e-08,7.5e-04,7.1e-05,AMO,"Otto Matic",24702,1953-03-09,2020-10-25,55,0,1,0,.67784,,,,,,,,,
"  1916 Boreas (1953 RA)",S,S,20001916,1916,Boreas,,Y,N,0,14.95,,,,,,,3.5,,,3.4746,,0.852,0.407,,,,"JPL 342",2460600.5,60600,2024-10-17.0,J2000,0.4493,2.273,1.252,12.88,340.60,335.86,280.05,3.29,0.2876,2460878.45,2025-07-21.9,1.25e+03,3.43,0.253,98.6,2.06,3.44,1.2e-09,1.0e-09,3.1e-09,7.0e-08,3.9e-07,4.1e-07,5.1e-07,1.4e-09,1.9e-10,1.9e-06,8.2e-07,AMO,"Otto Matic",25812,1953-09-01,2024-05-03,2339,,,0,.50884,,,,,,,,,
"  1917 Cuyo (1968 AA)",Sl,,20001917,1917,Cuyo,,Y,N,0,14.41,,,,,,,5.7,,0.195,2.689,,,,,,,"JPL 569",2460600.5,60600,2024-10-17.0,J2000,0.5057,2.149,1.062,23.96,188.28,194.56,34.92,3.24,0.3128,2460488.87,2024-06-27.3,1.15e+03,3.15,0.0719,28,2.24,3.43,6.0e-10,1.2e-09,1.4e-09,8.1e-08,1.2e-07,2.1e-07,9.9e-07,1.8e-09,2.6e-10,3.1e-06,9.7e-07,AMO,"Otto Matic",25730,1954-05-06,2024-10-15,3663,0,2,0,.46816,,,,,,,,,
"  1943 Anteros (1973 EC)",L,S,20001943,1943,Anteros,,Y,N,0,15.70,,,,,,,2.3,,0.17,2.86923,,0.841,0.444,,,,"JPL 775",2460600.5,60600,2024-10-17.0,J2000,0.2561,1.43,1.064,8.71,246.30,338.46,29.90,1.80,0.5761,2460548.59,2024-08-26.0,625,1.71,0.0637,24.8,3.19,4.64,1.0e-09,3.8e-10,1.7e-09,6.1e-08,3.2e-07,3.9e-07,7.3e-07,4.7e-10,2.3e-10,1.3e-06,2.5e-07,AMO,"Otto Matic",18659,1973-03-10,2024-04-10,5761,,,0,.41341,,,,,,,,,
"  1980 Tezcatlipoca (1950 LA)",Sl,SU,20001980,1980,Tezcatlipoca,,Y,N,0,13.84,,,,,,,4.3,,0.25,7.24612,,0.955,0.455,,,,"JPL 812",2460600.5,60600,2024-10-17.0,J2000,0.3647,1.71,1.086,26.87,246.54,115.51,35.06,2.33,0.4409,2460520.99,2024-07-29.4,817,2.24,0.245,95.5,3.41,4,6.2e-10,3.6e-10,1.2e-09,5.3e-08,1.0e-07,1.8e-07,5.0e-07,5.0e-10,1.4e-10,1.1e-06,2.6e-07,AMO,"Otto Matic",27147,1950-06-19,2024-10-15,7580,,,0,.30848,,,,,,,,,
"  1981 Midas (1973 EA)",V,,20001981,1981,Midas,,Y,Y,0,15.28,,,,,,,3.4,,,5.22,,,,,,,"JPL 232",2460600.5,60600,2024-10-17.0,J2000,0.6505,1.776,0.621,39.82,356.80,267.84,258.81,2.93,0.4163,2460843.56,2025-06-17.0,865,2.37,0.00488,1.9,3.31,3.61,7.6e-10,1.9e-09,1.1e-09,1.5e-07,1.2e-07,1.6e-07,1.6e-06,3.2e-09,6.8e-10,4.2e-06,1.4e-06,APO,"Otto Matic",18496,1973-03-06,2023-10-26,1203,12,1,0,.45874,,,,,,,,,
"  2059 Baboquivari (1963 UA)",,,20002059,2059,Baboquivari,,Y,N,0,15.98,,,,,,,,,,129.47,,,,,,,"JPL 273",2460600.5,60600,2024-10-17.0,J2000,0.5318,2.642,1.237,11.02,200.69,192.45,51.33,4.05,0.2296,2460376.92,2024-03-07.4,1.57e+03,4.29,0.244,95.1,1.4,3.15,1.0e-09,1.5e-09,3.0e-09,1.0e-07,5.8e-07,7.6e-07,2.9e-07,2.4e-09,2.0e-10,1.1e-06,1.4e-06,AMO,"Otto Matic",21402,1963-10-16,2022-05-21,1600,,,0,.4871,,,,,,,,,
"  2061 Anza (1960 UA)",,TCG:,20002061,2061,Anza,,Y,N,0,16.70,,,,,,,2.6,,,6.712,,0.825,0.350,,,,"JPL 197",2460600.5,60600,2024-10-17.0,J2000,0.5356,2.265,1.052,3.80,207.36,157.09,283.26,3.48,0.2891,2460865.95,2025-07-09.4,1.25e+03,3.41,0.0561,21.8,1.99,3.41,2.2e-08,9.0e-10,5.0e-08,2.8e-06,4.3e-05,4.3e-05,1.5e-06,1.4e-09,1.7e-10,5.2e-06,7.4e-07,AMO,"Otto Matic",23237,1960-10-22,2024-06-05,1902,,,0,.35009,,,,,,,,,
"  2062 Aten (1976 AA)",Sr,S,20002062,2062,Aten,,Y,N,0,17.11,,,,,,,1.1,,0.26,42.15,,0.930,0.460,,,,"JPL 149",2460600.5,60600,2024-10-17.0,J2000,0.1829,0.967,0.790,18.93,108.53,148.06,338.03,1.14,1.037,2460621.70,2024-11-07.1,347,0.951,0.114,44.5,3.92,6.18,1.4e-09,1.0e-09,1.3e-09,7.1e-07,1.4e-06,1.7e-06,5.3e-06,1.2e-09,1.6e-09,5.1e-06,5.4e-07,ATE,Giorgini,23339,1955-12-17,2019-11-10,1024,5,2,0,.34905,,,,-1.1e-14,1.1e-15,,,,
"  2063 Bacchus (1977 HB)",Sq,,20002063,2063,Bacchus,,Y,N,0,17.21,,,,,,,1.024,"1.11 x 0.53 x 0.50",0.203,14.904,,,,,,0.02,"JPL 241",2460600.5,60600,2024-10-17.0,J2000,0.3494,1.078,0.701,9.44,33.04,55.34,242.55,1.45,0.8806,2460733.87,2025-02-27.3,409,1.12,0.0679,26.4,3.78,5.67,3.1e-09,6.1e-10,3.1e-09,2.5e-07,1.3e-06,1.6e-06,2.4e-06,8.2e-10,7.5e-10,2.9e-06,3.5e-07,APO,"Otto Matic",17237,1977-04-24,2024-07-03,1482,7,5,0,.38842,,,,-8.3e-15,7.4e-16,,,,
"  2100 Ra-Shalom (1978 RA)",Xc,C,20002100,2100,Ra-Shalom,,Y,N,0,16.23,0.12,,,,,,2.3,,0.13,19.797,,0.712,0.310,,,0.20,"JPL 394",2460600.5,60600,2024-10-17.0,J2000,0.4365,0.832,0.469,15.75,170.78,356.08,89.62,1.20,1.299,2460531.49,2024-08-08.9,277,0.759,0.15,58.4,3.78,6.95,1.1e-09,1.4e-10,9.0e-10,6.0e-08,2.1e-07,2.0e-07,5.5e-07,2.0e-10,3.3e-10,4.0e-07,7.0e-08,ATE,"Otto Matic",17463,1975-10-03,2023-07-26,3209,9,2,0,.35471,,,,-4.2e-15,2.6e-16,,,,
"  2101 Adonis (1936 CA)",,,20002101,2101,Adonis,,Y,Y,0,18.72,,,,,,,0.6,,,,,,,,,,"JPL 47",2460600.5,60600,2024-10-17.0,J2000,0.7642,1.874,0.442,1.32,349.43,43.69,230.82,3.31,0.3842,2460936.75,2025-09-18.2,937,2.57,0.0116,4.51,2.15,3.55,5.9e-08,9.9e-09,1.1e-07,9.6e-06,4.5e-04,4.5e-04,1.0e-05,1.8e-08,3.1e-09,2.8e-05,7.5e-06,APO,"Otto Matic",30790,1936-02-21,2020-06-09,123,0,5,0,.39458,,,,-3.3e-14,5.7e-15,,,,
"  2102 Tantalus (1975 YA)",Q,,20002102,2102,Tantalus,,Y,Y,0,16.00,,,,,,,1.649,,0.245,2.384,,,,,,0.04,"JPL 260",2460600.5,60600,2024-10-17.0,J2000,0.2993,1.29,0.904,64.00,94.35,61.52,78.27,1.68,0.6726,2460484.14,2024-06-22.6,535,1.47,0.0436,17,3.77,4.45,4.2e-10,2.4e-10,5.8e-10,8.7e-08,8.5e-08,1.2e-07,5.6e-07,3.2e-10,1.9e-10,7.9e-07,1.5e-07,APO,"Otto Matic",17388,1976-01-02,2023-08-11,2148,1,0,0,.38887,,,,,,,,,
"  2135 Aristaeus (1977 HA)",,,20002135,2135,Aristaeus,,Y,Y,0,18.05,,,,,,,,,,,,,,,,,"JPL 24",2460600.5,60600,2024-10-17.0,J2000,0.5030,1.6,0.795,23.07,191.11,290.97,202.31,2.40,0.4871,2460924.20,2025-09-05.7,739,2.02,0.011,4.26,2.96,4.13,1.3e-06,8.2e-08,2.0e-06,5.1e-05,3.4e-04,1.6e-04,7.7e-04,1.2e-07,3.8e-08,1.6e-03,5.7e-05,APO,"Otto Matic",15749,1977-04-17,2020-05-30,61,,,1,.54865,,,,,,,,,
"  2201 Oljato (1947 XC)",Sq,,20002201,2201,Oljato,,Y,Y,0,15.34,,,,,,,1.80,,0.4328,26,,,,,,0.10,"JPL 277",2460600.5,60600,2024-10-17.0,J2000,0.7107,2.179,0.630,2.52,74.87,98.37,334.42,3.73,0.3065,2460683.95,2025-01-08.4,1.17e+03,3.22,0.00259,1.01,1.25,3.3,3.0e-09,1.4e-09,6.7e-09,1.3e-07,4.9e-06,5.1e-06,8.3e-07,2.4e-09,3.0e-10,2.8e-06,1.2e-06,APO,"Otto Matic",33920,1931-12-03,2024-10-15,1457,0,5,0,.50439,,,,,,,,,
"  2202 Pele (1972 RA)",,,20002202,2202,Pele,,Y,N,0,17.17,,,,,,,,,,,,,,,,,"JPL 163",2460600.5,60600,2024-10-17.0,J2000,0.5128,2.291,1.116,8.74,169.91,217.99,355.86,3.47,0.2843,2460615.08,2024-10-31.5,1.27e+03,3.47,0.144,55.9,2.01,3.4,3.6e-08,1.6e-09,8.3e-08,4.3e-06,1.5e-05,1.7e-05,4.1e-06,2.5e-09,3.0e-10,1.5e-05,1.3e-06,AMO,"Otto Matic",19031,1972-09-07,2024-10-15,917,,,0,.41827,,,,,,,,,
"  2212 Hephaistos (1978 SB)",,SG,20002212,2212,Hephaistos,,Y,N,0,13.51,,,,,,,5.7,,0.163,48,,0.766,0.397,,,,"JPL 672",2460600.5,60600,2024-10-17.0,J2000,0.8361,2.166,0.355,11.31,27.01,210.05,184.81,3.98,0.3091,2461167.29,2026-05-06.7,1.16e+03,3.19,0.113,44.1,1.15,3.1,1.0e-09,1.4e-09,2.3e-09,7.8e-08,3.8e-07,3.5e-07,5.8e-07,2.6e-09,3.0e-10,2.4e-06,1.1e-06,APO,"Otto Matic",16820,1978-09-27,2024-10-15,4281,,,0,.45784,,,,,,,,,
"  2329 Orthos (1976 WA)",,,20002329,2329,Orthos,,Y,N,0,14.58,,,,,,,,,,4.6473,,,,,,,"JPL 376",2460600.5,60600,2024-10-17.0,J2000,0.6533,2.41,0.836,24.46,169.28,146.05,325.99,3.99,0.2634,2460729.64,2025-02-23.1,1.37e+03,3.74,0.0931,36.2,1.71,3.1,6.0e-10,3.5e-09,1.3e-09,1.3e-07,1.6e-07,2.1e-07,1.4e-06,5.7e-09,5.7e-10,5.7e-06,2.9e-06,APO,"Otto Matic",17482,1976-05-31,2024-04-11,1981,,,0,.45722,,,,,,,,,
"  2340 Hathor (1976 UA)",Sq,CSU,20002340,2340,Hathor,,Y,Y,0,20.43,,,,,,,0.3,,,3.35,,0.770,0.500,,,,"JPL 62",2460600.5,60600,2024-10-17.0,J2000,0.4500,0.8438,0.464,5.86,211.29,40.10,53.40,1.22,1.272,2460558.50,2024-09-04.9,283,0.775,0.00669,2.61,3.81,6.88,3.6e-08,1.0e-09,3.1e-08,4.3e-06,1.4e-05,1.4e-05,6.4e-06,1.5e-09,2.3e-09,5.0e-06,5.0e-07,ATE,Giorgini,16477,1976-10-25,2021-12-05,572,4,3,0,.37471,,,,-3.0e-14,6.3e-16,,,,
"  2368 Beltrovata (1977 RA)",,SQ,20002368,2368,Beltrovata,,Y,N,0,15.15,,,,,,,2.3,,0.27,5.786,,0.830,0.520,,,,"JPL 395",2460600.5,60600,2024-10-17.0,J2000,0.4135,2.105,1.234,5.22,287.29,43.07,158.64,2.97,0.3228,2460109.09,2023-06-13.5,1.12e+03,3.05,0.232,90.5,2.41,3.63,2.6e-09,1.2e-09,5.6e-09,8.4e-08,6.6e-07,1.1e-06,1.4e-06,1.7e-09,2.7e-10,4.0e-06,9.5e-07,AMO,"Otto Matic",16999,1977-09-04,2024-03-20,2211,,,0,.52474,,,,,,,,,
"  2608 Seneca (1978 DA)",,S,20002608,2608,Seneca,,Y,N,0,17.48,,,,,,,0.9,,0.21,8,,0.826,0.454,,,,"JPL 24",2460600.5,60600,2024-10-17.0,J2000,0.5651,2.532,1.101,14.43,166.52,38.59,272.88,3.96,0.2447,2460956.56,2025-10-08.0,1.47e+03,4.03,0.155,60.3,1.13,3.17,1.1e-07,2.3e-08,2.7e-07,1.7e-05,3.3e-05,1.1e-04,1.9e-04,3.6e-08,3.4e-09,7.7e-04,2.0e-05,AMO,"Otto Matic",16284,1978-02-17,2022-09-18,83,,,1,.64986,,,,,,,,,
"  3102 Krok (1981 QA)",S,QRS,20003102,3102,Krok,,Y,N,0,16.17,,,,,,,1.6,,,149.4,,0.834,0.521,,,,"JPL 399",2460600.5,60600,2024-10-17.0,J2000,0.4493,2.151,1.185,8.44,172.05,154.77,241.78,3.12,0.3124,2460978.88,2025-10-30.3,1.15e+03,3.15,0.184,71.6,2.27,3.56,2.9e-09,7.2e-10,5.9e-09,5.7e-08,5.6e-07,6.5e-07,4.5e-07,1.0e-09,1.6e-10,1.6e-06,5.8e-07,AMO,"Otto Matic",15537,1981-08-21,2024-03-05,2561,,,0,.47923,,,,,,,,,
"  3103 Eger (1982 BB)",Xe,,20003103,3103,Eger,,Y,N,0,15.30,,,,,,,1.5,,0.64,5.7103,,0.732,0.235,,,,"JPL 833",2460600.5,60600,2024-10-17.0,J2000,0.3542,1.404,0.907,20.93,129.73,254.12,304.12,1.90,0.5924,2460694.82,2025-01-19.3,608,1.66,0.0799,31.1,3.71,4.61,6.0e-10,5.2e-10,9.5e-10,4.6e-08,1.1e-07,1.5e-07,8.4e-07,7.0e-10,3.3e-10,1.5e-06,3.4e-07,APO,"Otto Matic",15585,1982-01-21,2024-09-22,8370,1,3,0,.2869,,,,-5.1e-15,7.8e-16,,,,
"  3122 Florence (1981 ET3)",S,,20003122,3122,Florence,,Y,Y,2,14.10,,,,,,,4.9,,0.231,2.3581,,,,,,,"JPL 838",2460600.5,60600,2024-10-17.0,J2000,0.4231,1.769,1.021,22.14,336.05,27.90,0.67,2.52,0.4189,2460598.89,2024-10-15.3,859,2.35,0.0449,17.5,2.99,3.92,6.0e-10,4.5e-10,1.1e-09,5.2e-08,1.5e-07,1.7e-07,4.7e-07,6.4e-10,1.6e-10,1.1e-06,3.3e-07,AMO,"Otto Matic",16657,1979-03-09,2024-10-15,8847,6,0,0,.28584,,,,,,,,,
"  3199 Nefertiti (1982 RA)",Sq,S,20003199,3199,Nefertiti,,Y,N,0,15.03,,,,,,,2.2,,0.42,3.021,,0.895,0.418,,,,"JPL 428",2460600.5,60600,2024-10-17.0,J2000,0.2842,1.574,1.127,32.96,339.98,53.43,78.94,2.02,0.4989,2460442.26,2024-05-11.7,722,1.98,0.216,83.9,3.61,4.19,3.8e-09,2.0e-10,6.1e-09,1.1e-07,1.8e-07,8.3e-07,1.3e-06,2.6e-10,9.5e-11,2.6e-06,1.4e-07,AMO,"Otto Matic",14939,1982-09-13,2023-08-08,3774,0,1,0,.43562,,,,,,,,,
"  3200 Phaethon (1983 TB)",B,F,20003200,3200,Phaethon,,Y,Y,0,14.40,,,,,,,6.25,,0.1066,3.604,,,,,,0.15,"JPL 813",2460600.5,60600,2024-10-17.0,J2000,0.8898,1.271,0.140,22.31,265.10,322.31,248.98,2.40,0.6875,2460762.00,2025-03-27.4,524,1.43,0.0187,7.27,2.73,4.51,4.7e-10,6.7e-10,6.2e-10,9.4e-08,1.7e-07,1.5e-07,9.8e-07,1.3e-09,5.4e-10,1.6e-06,4.1e-07,APO,"Otto Matic",14962,1983-10-27,2024-10-13,7102,8,0,0,.34818,,,,-6.2e-15,3.6e-16,,,,
"  3271 Ul (1982 RB)",,,20003271,3271,Ul,,Y,N,0,16.58,,,,,,,,,,,,,,,,,"JPL 78",2460600.5,60600,2024-10-17.0,J2000,0.3956,2.102,1.270,25.07,158.81,159.08,304.61,2.93,0.3235,2460771.74,2025-04-06.2,1.11e+03,3.05,0.277,108,2.49,3.53,1.1e-07,2.2e-08,2.2e-07,9.0e-06,1.0e-05,5.9e-05,9.8e-05,3.0e-08,5.0e-09,3.1e-04,1.7e-05,AMO,"Otto Matic",15184,1982-09-14,2024-04-10,263,,,0,.55596,,,,,,,,,
"  3288 Seleucus (1982 DV)",K,S,20003288,3288,Seleucus,,Y,N,0,15.35,,,,,,,2.8,,0.22,75,,0.910,0.500,,,,"JPL 463",2460600.5,60600,2024-10-17.0,J2000,0.4549,2.035,1.109,5.93,218.61,349.35,241.11,2.96,0.3395,2460950.65,2025-10-02.1,1.06e+03,2.9,0.108,41.8,2,3.67,1.4e-09,1.4e-09,2.8e-09,9.0e-08,9.1e-07,8.3e-07,1.0e-06,2.0e-09,3.4e-10,3.3e-06,1.1e-06,AMO,"Otto Matic",15561,1982-02-28,2024-10-06,2599,,,0,.49449,,,,,,,,,
"  3352 McAuliffe (1981 CW)",A,,20003352,3352,McAuliffe,,Y,N,0,15.97,,,,,,,,,,2.206,,,,,,,"JPL 421",2460600.5,60600,2024-10-17.0,J2000,0.3691,1.879,1.185,4.77,107.33,16.07,347.84,2.57,0.3827,2460632.27,2024-11-17.7,941,2.58,0.204,79.3,2.52,3.88,2.4e-09,1.4e-09,4.4e-09,1.9e-07,2.4e-06,2.3e-06,1.2e-06,1.9e-09,4.3e-10,3.2e-06,1.1e-06,AMO,"Otto Matic",15955,1981-02-06,2024-10-13,2534,,,0,.45749,,,,,,,,,
"  3360 Syrinx (1981 VA)",,,20003360,3360,Syrinx,,Y,N,0,16.04,,,,,,,1.8,,0.17,,,,,,,,"JPL 137",2460600.5,60600,2024-10-17.0,J2000,0.7457,2.468,0.628,21.14,242.46,63.56,49.58,4.31,0.2542,2460405.44,2024-04-04.9,1.42e+03,3.88,0.106,41.2,1.77,2.96,6.7e-10,1.3e-09,1.6e-09,2.1e-07,3.6e-07,4.7e-07,6.4e-07,2.3e-09,2.0e-10,2.4e-06,1.1e-06,APO,"Otto Matic",15684,1981-11-04,2024-10-13,650,,,0,.51094,,,,,,,,,
"  3361 Orpheus (1982 HR)",,,20003361,3361,Orpheus,,Y,Y,0,19.56,,,,,,,0.3,,0.357,3.5327,,1.022,0.503,,,,"JPL 185",2460600.5,60600,2024-10-17.0,J2000,0.3229,1.21,0.820,2.66,188.68,302.34,24.54,1.60,0.7401,2460567.34,2024-09-13.8,486,1.33,0.0138,5.37,3.45,5.21,3.6e-08,1.9e-09,4.4e-08,2.3e-06,3.6e-05,3.6e-05,2.0e-06,2.5e-09,1.7e-09,2.7e-06,1.1e-06,APO,"Otto Matic",14651,1982-04-24,2022-06-04,2744,2,0,0,.2206,,,,1.9e-14,2.4e-15,,,,
"  3362 Khufu (1984 QA)",,,20003362,3362,Khufu,,Y,Y,0,18.52,,,,,,,0.7,,0.21,,,,,,,,"JPL 24",2460600.5,60600,2024-10-17.0,J2000,0.4685,0.9895,0.526,9.92,152.40,55.09,359.85,1.45,1.001,2460600.65,2024-10-17.1,360,0.984,0.0133,5.19,3.52,6.02,5.7e-07,1.2e-08,5.7e-07,1.2e-05,5.8e-05,4.8e-05,2.1e-04,1.8e-08,1.8e-08,2.1e-04,6.6e-06,ATE,"Otto Matic",7394,1984-08-30,2004-11-27,262,,,1,.6347,,,,,,,,,
"  3551 Verenia (1983 RD)",,V,20003551,3551,Verenia,,Y,N,0,16.72,,,,,,,0.9,,0.37,4.93,,0.839,0.481,,,,"JPL 131",2460600.5,60600,2024-10-17.0,J2000,0.4870,2.093,1.074,9.51,173.78,193.30,203.09,3.11,0.3256,2461082.45,2026-02-10.9,1.11e+03,3.03,0.0749,29.2,2.35,3.58,6.8e-08,1.1e-08,1.5e-07,4.7e-06,2.8e-05,3.5e-05,4.5e-05,1.7e-08,2.7e-09,1.4e-04,9.0e-06,AMO,"Otto Matic",14828,1983-09-07,2024-04-12,593,,,0,.59029,,,,,,,,,
"  3552 Don Quixote (1983 SA)",D,D,20003552,3552,"Don Quixote",,Y,N,0,13.05,,,,,,,19.0,,0.03,6.665,,,,,,,"JPL 285",2460600.5,60600,2024-10-17.0,J2000,0.7073,4.267,1.249,31.06,349.96,316.53,263.48,7.29,0.1118,2461463.74,2027-02-27.2,3.22e+03,8.81,0.342,133,0.428,2.32,2.7e-08,2.0e-08,1.2e-07,5.1e-06,8.7e-06,8.6e-06,4.9e-06,3.4e-08,7.9e-10,4.9e-05,2.3e-05,AMO,"Otto Matic",14821,1983-09-10,2024-04-08,1421,,,0,.45843,,,,,,,,,
"  3553 Mera (1985 JA)",,,20003553,3553,Mera,,Y,N,0,16.43,,,,,,,,,,3.1944,,,,,,,"JPL 273",2460600.5,60600,2024-10-17.0,J2000,0.3199,1.645,1.118,36.78,232.49,288.88,289.71,2.17,0.4673,2460750.91,2025-03-16.4,770,2.11,0.297,115,3.18,4.02,6.5e-09,9.0e-10,1.0e-08,1.8e-07,3.9e-07,9.6e-07,1.7e-06,1.2e-09,3.8e-10,3.8e-06,6.3e-07,AMO,"Otto Matic",14402,1985-05-11,2024-10-15,1591,,,0,.49972,,,,,,,,,
"  3554 Amun (1986 EB)",,,20003554,3554,Amun,,Y,N,0,15.91,,,,,,,3.341,,0.074,2.53001,,0.707,0.235,,,0.02,"JPL 265",2460600.5,60600,2024-10-17.0,J2000,0.2806,0.974,0.701,23.36,358.60,359.42,226.57,1.25,1.025,2460730.64,2025-02-24.1,351,0.961,0.253,98.4,4.19,6.11,3.3e-09,1.7e-10,3.3e-09,1.4e-07,2.2e-07,6.5e-07,1.3e-06,2.2e-10,2.7e-10,1.2e-06,9.3e-08,ATE,"Otto Matic",12044,1986-03-04,2019-02-23,1979,,,0,.51991,,,,,,,,,
"  3671 Dionysus (1984 KD)",Cb,,20003671,3671,Dionysus,,Y,Y,1,16.50,,,,,,,1.5,,0.16,2.7053,,,,,,,"JPL 210",2460600.5,60600,2024-10-17.0,J2000,0.5420,2.2,1.008,13.54,82.05,204.33,131.35,3.39,0.302,2460165.58,2023-08-09.0,1.19e+03,3.26,0.022,8.58,1.83,3.43,1.9e-08,1.1e-09,4.2e-08,4.0e-06,1.4e-05,1.6e-05,4.9e-06,1.6e-09,2.2e-10,1.6e-05,8.5e-07,APO,"Otto Matic",14475,1984-05-27,2024-01-13,1117,,,0,.38985,,,,,,,,,
"  3691 Bede (1982 FT)",Xc,,20003691,3691,Bede,,Y,N,0,14.95,,,,,,,4.3,,0.515,226.8,,,,,,,"JPL 714",2460600.5,60600,2024-10-17.0,J2000,0.2844,1.774,1.270,20.35,348.70,235.08,345.07,2.28,0.417,2460636.31,2024-11-21.8,863,2.36,0.353,137,2.83,3.98,9.4e-10,3.5e-10,1.7e-09,4.6e-08,1.1e-07,2.2e-07,4.2e-07,4.5e-10,1.2e-10,1.0e-06,2.5e-07,AMO,"Otto Matic",17839,1975-06-09,2024-04-11,7762,,,0,.31391,,,,,,,,,
"  3752 Camillo (1985 PA)",,,20003752,3752,Camillo,,Y,N,0,15.19,,,,,,,2.306,,0.210,37.846,,,,,,0.09,"JPL 476",2460600.5,60600,2024-10-17.0,J2000,0.3016,1.414,0.987,55.56,147.96,312.22,8.79,1.84,0.5864,2460585.52,2024-10-02.0,614,1.68,0.0799,31.1,3.38,4.24,3.8e-10,1.2e-10,5.2e-10,8.4e-08,9.9e-08,9.4e-08,1.8e-07,1.5e-10,7.2e-11,3.0e-07,7.6e-08,APO,"Otto Matic",17705,1976-01-28,2024-07-19,2947,4,4,0,.43706,,,,,,,,,
"  3753 Cruithne (1986 TO)",Q,,20003753,3753,Cruithne,,Y,N,0,15.44,,,,,,,2.071,,0.365,27.3099,,,,,,0.11,"JPL 276",2460600.5,60600,2024-10-17.0,J2000,0.5148,0.9978,0.484,19.80,126.19,43.88,308.80,1.51,0.9889,2460652.28,2024-12-07.7,364,0.997,0.0712,27.7,3.51,5.92,1.5e-08,1.7e-10,1.5e-08,5.8e-07,1.3e-06,1.4e-06,2.9e-06,2.5e-10,2.5e-10,2.9e-06,9.2e-08,ATE,"Otto Matic",18626,1973-10-17,2024-10-15,1521,,,0,.45245,,,,,,,,,
"  3757 Anagolay (1982 XB)",,S,20003757,3757,Anagolay,,Y,Y,0,19.02,,,,,,,0.5,,0.18,9.012,,0.859,0.522,,,,"JPL 57",2460600.5,60600,2024-10-17.0,J2000,0.4459,1.834,1.017,3.87,74.93,17.24,293.70,2.65,0.3967,2460767.65,2025-04-02.1,908,2.48,0.0372,14.5,2.58,3.9,4.2e-08,2.2e-09,7.7e-08,5.4e-06,6.0e-05,6.3e-05,1.3e-05,3.2e-09,7.3e-10,3.3e-05,1.7e-06,APO,"Otto Matic",15208,1982-12-14,2024-08-03,209,0,2,0,.71842,,,,,,,,,
"  3838 Epona (1986 WA)",,,20003838,3838,Epona,,Y,N,0,15.69,,,,,,,,,,2.3812,,,,,,,"JPL 218",2460600.5,60600,2024-10-17.0,J2000,0.7027,1.505,0.447,29.20,235.47,49.72,225.76,2.56,0.534,2460851.91,2025-06-25.4,674,1.85,0.159,62,2.88,4.13,5.7e-09,1.8e-09,8.7e-09,3.4e-07,6.9e-07,1.1e-06,4.1e-06,3.1e-09,9.6e-10,8.1e-06,1.2e-06,APO,"Otto Matic",13623,1986-11-30,2024-03-18,1516,,,0,.52988,,,,,,,,,
"  3908 Nyx (1980 PA)",V,V,20003908,3908,Nyx,,Y,N,0,17.45,,,,,,,1.0,,0.23,4.42601,,,,,,0.15,"JPL 252",2460600.5,60600,2024-10-17.0,J2000,0.4592,1.928,1.042,2.19,261.20,126.65,165.71,2.81,0.3682,2460150.50,2023-07-25.0,978,2.68,0.0564,22,2.65,3.78,1.9e-09,1.3e-09,3.9e-09,3.3e-07,9.0e-06,9.3e-06,2.0e-06,1.9e-09,3.8e-10,4.9e-06,1.0e-06,AMO,"Otto Matic",15998,1980-08-06,2024-05-25,2061,15,1,0,.4977,,,,1.0e-14,1.4e-15,,,,
"  3988 Huma (1986 LA)",,,20003988,3988,Huma,,Y,N,0,17.94,,,,,,,0.7,,,10.53,,,,,,,"JPL 151",2460600.5,60600,2024-10-17.0,J2000,0.3166,1.545,1.056,10.77,229.79,86.91,316.36,2.03,0.5135,2460685.50,2025-01-09.9,701,1.92,0.178,69.4,3.31,4.38,1.1e-08,2.0e-09,1.7e-08,3.5e-07,1.8e-06,2.5e-06,4.6e-06,2.6e-09,9.8e-10,9.1e-06,1.3e-06,AMO,"Otto Matic",13904,1986-06-04,2024-06-28,680,,,0,.536,,,,,,,,,
"  4015 Wilson-Harrington (1979 VA)",,CF,20004015,4015,Wilson-Harrington,,Y,Y,0,16.19,,,,,,,4,,0.05,3.5736,,0.666,0.279,,,0.50,"JPL 331",2460600.5,60600,2024-10-17.0,J2000,0.6312,2.626,0.968,2.80,266.73,95.52,181.75,4.28,0.2317,2461369.95,2026-11-25.4,1.55e+03,4.25,0.0429,16.7,1.22,3.08,2.4e-08,3.4e-09,6.4e-08,4.0e-06,6.8e-05,6.8e-05,2.3e-06,5.5e-09,4.5e-10,1.1e-05,3.0e-06,APO,"Otto Matic",27140,1949-11-19,2024-03-10,1514,,,0,.37033,,,,,,,,,
"  4034 Vishnu (1986 PA)",O,,20004034,4034,Vishnu,,Y,Y,0,18.49,,,,,,,0.42,,0.52,44.4,,,,,,,"JPL 138",2460600.5,60600,2024-10-17.0,J2000,0.4441,1.06,0.589,11.17,157.89,296.70,260.40,1.53,0.9037,2460710.71,2025-02-04.2,398,1.09,0.0195,7.6,3.69,5.7,4.4e-08,3.7e-09,4.7e-08,3.6e-06,1.8e-05,1.7e-05,1.3e-05,5.3e-09,4.7e-09,1.5e-05,2.1e-06,APO,"Otto Matic",13881,1986-08-02,2024-08-03,808,0,1,0,.40254,,,,-4.0e-14,5.3e-15,,,,
"  4055 Magellan (1985 DO2)",V,V,20004055,4055,Magellan,,Y,N,0,14.94,,,,,,,2.49,,0.31,7.475,,,,,,,"JPL 824",2460600.5,60600,2024-10-17.0,J2000,0.3261,1.82,1.227,23.25,164.82,154.38,267.34,2.41,0.4014,2460831.38,2025-06-04.8,897,2.46,0.24,93.3,3,3.89,6.6e-10,7.3e-10,1.1e-09,7.0e-08,1.9e-07,2.6e-07,9.1e-07,9.7e-10,2.4e-10,2.4e-06,5.4e-07,AMO,"Otto Matic",14325,1985-01-21,2024-04-11,10732,,,0,.29391,,,,,,,,,
"  4179 Toutatis (1989 AC)",Sk,,20004179,4179,Toutatis,,Y,Y,0,15.30,0.10,,,,,,5.4,1.70x2.03x4.26,0.405,176.,,,,,,,"JPL 645",2460600.5,60600,2024-10-17.0,J2000,0.6248,2.543,0.954,0.45,125.36,277.88,339.68,4.13,0.243,2460684.14,2025-01-08.6,1.48e+03,4.06,0.00649,2.53,1.3,3.14,3.8e-10,1.1e-09,8.2e-10,6.3e-08,1.1e-05,1.1e-05,3.7e-07,1.9e-09,1.6e-10,1.6e-06,1.0e-06,APO,"Otto Matic",33107,1934-02-10,2024-10-02,6798,33,28,0,.29205,,-7.4e-13,7.7e-14,-2.3e-14,4.0e-15,,,,
"  4183 Cuno (1959 LM)",Sq,,20004183,4183,Cuno,,Y,Y,0,14.16,,,,,,,3.651,,0.097,3.5595,,,,,,0.10,"JPL 654",2460600.5,60600,2024-10-17.0,J2000,0.6361,1.981,0.721,6.67,294.35,237.02,175.91,3.24,0.3536,2460102.94,2023-06-07.4,1.02e+03,2.79,0.0281,10.9,1.8,3.57,8.6e-10,1.6e-10,1.7e-09,7.0e-08,4.8e-07,5.3e-07,4.6e-07,2.6e-10,4.2e-11,1.3e-06,1.2e-07,APO,"Otto Matic",23868,1959-06-05,2024-10-09,3840,1,0,0,.43272,,,,,,,,,
"  4197 Morpheus (1982 TA)",Sq,,20004197,4197,Morpheus,,Y,N,0,14.98,,,,,,,1.8,,0.37,3.538,,,,,,,"JPL 201",2460600.5,60600,2024-10-17.0,J2000,0.7724,2.295,0.522,12.60,7.01,122.55,357.11,4.07,0.2835,2460610.68,2024-10-27.1,1.27e+03,3.48,0.0985,38.3,1.27,3.09,2.1e-08,2.1e-09,4.9e-08,3.9e-06,9.0e-06,9.6e-06,3.3e-06,3.6e-09,3.8e-10,1.2e-05,1.7e-06,APO,"Otto Matic",25596,1954-09-03,2024-10-01,1189,4,2,0,.46355,,,,,,,,,
"  4257 Ubasti (1987 QA)",,,20004257,4257,Ubasti,,Y,N,0,15.96,,,,,,,,,,4.4,,,,,,,"JPL 336",2460600.5,60600,2024-10-17.0,J2000,0.4683,1.647,0.876,40.72,169.15,278.94,160.95,2.42,0.4662,2460255.27,2023-11-06.7,772,2.11,0.171,66.7,3.37,3.91,6.8e-09,1.7e-09,1.1e-08,2.2e-07,1.1e-06,1.8e-06,3.4e-06,2.6e-09,7.4e-10,6.9e-06,1.2e-06,APO,"Otto Matic",13456,1987-08-23,2024-06-25,1705,,,0,.51361,,,,,,,,,
"  4341 Poseidon (1987 KF)",O,,20004341,4341,Poseidon,,Y,N,0,16.08,,,,,,,3.177,,0.054,6.262,,,,,,0.65,"JPL 178",2460600.5,60600,2024-10-17.0,J2000,0.6800,1.834,0.587,11.84,108.03,15.83,44.04,3.08,0.3968,2460489.51,2024-06-28.0,907,2.48,0.194,75.5,2.04,3.69,1.5e-09,2.4e-09,2.5e-09,3.6e-07,7.9e-07,6.0e-07,2.3e-06,4.1e-09,7.8e-10,5.5e-06,1.8e-06,APO,"Otto Matic",13304,1987-05-29,2023-10-31,900,,,0,.55184,,,,,,,,,
"  4401 Aditi (1985 TB)",,,20004401,4401,Aditi,,Y,N,0,16.12,,,,,,,1.801,,0.343,6.67,,,,,,0.54,"JPL 223",2460600.5,60600,2024-10-17.0,J2000,0.5633,2.584,1.128,26.63,22.78,68.15,133.50,4.04,0.2373,2460037.88,2023-04-03.3,1.52e+03,4.15,0.335,130,2.24,3.06,3.1e-09,1.4e-09,8.5e-09,4.5e-07,3.4e-07,9.8e-07,4.9e-07,2.2e-09,1.9e-10,1.8e-06,1.2e-06,AMO,"Otto Matic",13625,1985-10-14,2023-02-02,1318,,,0,.48928,,,,,,,,,
"  4450 Pan (1987 SY)",,,20004450,4450,Pan,,Y,Y,0,17.28,,,,,,,,,,56.48,,,,,,,"JPL 259",2460600.5,60600,2024-10-17.0,J2000,0.5866,1.443,0.596,5.52,311.70,291.94,192.17,2.29,0.5689,2460895.52,2025-08-08.0,633,1.73,0.0289,11.2,2.76,4.46,2.0e-08,2.6e-09,2.8e-08,3.3e-06,2.0e-05,1.9e-05,1.0e-05,4.2e-09,1.6e-09,1.9e-05,1.7e-06,APO,"Otto Matic",31367,1937-02-06,2022-12-24,1513,1,0,0,.436,,,,,,,,,
"  4486 Mithra (1987 SB)",,,20004486,4486,Mithra,,Y,Y,0,15.61,,,,,,,1.849,"2.35 x 1.65 x 1.44",0.297,67.5,,,,,,0.02,"JPL 364",2460600.5,60600,2024-10-17.0,J2000,0.6620,2.205,0.745,3.04,82.18,169.12,156.61,3.67,0.3009,2460080.09,2023-05-15.5,1.2e+03,3.28,0.0462,18,1.39,3.33,1.3e-08,7.9e-10,2.9e-08,1.5e-06,4.3e-05,4.3e-05,2.1e-06,1.3e-09,1.6e-10,6.6e-06,6.4e-07,APO,"Otto Matic",13460,1987-01-29,2023-12-06,1886,8,9,0,.39651,,,,,,,,,
"  4487 Pocahontas (1987 UA)",,,20004487,4487,Pocahontas,,Y,N,0,17.49,,,,,,,,,,,,,,,,,"JPL 188",2460600.5,60600,2024-10-17.0,J2000,0.2966,1.73,1.217,16.41,198.10,173.99,95.85,2.24,0.4331,2460379.17,2024-03-09.6,831,2.28,0.219,85.2,3.22,4.06,4.1e-08,3.5e-09,7.2e-08,4.6e-06,1.2e-05,1.4e-05,1.1e-05,4.5e-09,1.3e-09,2.4e-05,2.5e-06,AMO,"Otto Matic",13058,1987-09-24,2023-06-25,776,,,0,.4958,,,,,,,,,
"  4503 Cleobulus (1989 WM)",Sq,,20004503,4503,Cleobulus,,Y,N,0,15.82,,,,,,,,,,2.8164,,,,,,,"JPL 225",2460600.5,60600,2024-10-17.0,J2000,0.5247,2.703,1.285,2.51,45.94,76.25,287.79,4.12,0.2218,2460926.13,2025-09-07.6,1.62e+03,4.44,0.305,119,1,3.15,6.9e-09,2.8e-09,1.9e-08,1.4e-07,4.8e-06,5.4e-06,1.2e-06,4.3e-09,3.5e-10,5.9e-06,2.6e-06,AMO,"Otto Matic",15988,1980-12-30,2024-10-08,1397,,,0,.56073,,,,,,,,,
"  4544 Xanthus (1989 FB)",,,20004544,4544,Xanthus,,Y,N,0,17.38,,,,,,,1.3,,,37.65,,,,,,,"JPL 405",2460600.5,60600,2024-10-17.0,J2000,0.2501,1.042,0.781,14.14,23.95,333.83,354.50,1.30,0.9267,2460606.44,2024-10-22.9,388,1.06,0.173,67.4,4.14,5.83,2.4e-08,8.7e-10,2.5e-08,3.0e-06,6.9e-06,1.2e-05,1.5e-05,1.1e-09,1.2e-09,1.6e-05,4.9e-07,APO,"Otto Matic",12841,1989-03-30,2024-05-26,2392,0,1,0,.35981,,,,,,,,,
"  4581 Asclepius (1989 FC)",,,20004581,4581,Asclepius,,Y,Y,0,20.74,,,,,,,,,,8.008,,,,,,,"JPL 112",2460600.5,60600,2024-10-17.0,J2000,0.3570,1.023,0.658,4.92,180.20,255.38,212.12,1.39,0.9531,2460755.66,2025-03-21.1,378,1.03,0.00313,1.22,3.88,5.91,6.0e-08,5.1e-09,5.8e-08,2.5e-06,2.0e-05,2.0e-05,2.3e-05,7.0e-09,7.2e-09,2.5e-05,2.8e-06,APO,"Otto Matic",11706,1989-03-31,2021-04-18,424,2,2,0,.47405,,,,-3.6e-14,6.0e-15,,,,
"  4596 (1981 QB)",,,20004596,4596,,,Y,N,0,16.45,,,,,,,,,,2.49101,,,,,,,"JPL 128",2460600.5,60600,2024-10-17.0,J2000,0.5200,2.24,1.075,37.07,154.19,248.42,290.19,3.40,0.2941,2460837.87,2025-06-11.3,1.22e+03,3.35,0.297,115,2.88,3.22,5.5e-08,6.2e-09,1.2e-07,7.1e-06,9.5e-06,1.2e-05,1.2e-05,9.5e-09,1.2e-09,4.2e-05,5.1e-06,AMO,"Otto Matic",15718,1981-08-28,2024-09-09,930,,,0,.40877,,,,,,,,,
"  4660 Nereus (1982 DB)",Xe,,20004660,4660,Nereus,,Y,Y,0,18.75,,,,,,,0.33,,0.55,15.1749,,,,,,0.05,"JPL 277",2460600.5,60600,2024-10-17.0,J2000,0.3587,1.485,0.952,1.45,313.11,159.54,191.96,2.02,0.5446,2460909.06,2025-08-21.5,661,1.81,0.00367,1.43,3.11,4.5,6.4e-10,3.2e-09,3.0e-09,1.7e-07,9.1e-06,9.9e-06,1.4e-06,4.4e-09,1.8e-09,3.6e-06,2.2e-06,APO,"Otto Matic",15434,1981-09-30,2024-01-02,4994,20,17,0,.20923,,,,1.4e-14,6.6e-15,,,,
"  4688 (1980 WF)",V,QU,20004688,4688,,,Y,N,0,19.60,,,,,,,0.6,,0.18,,,0.930,0.463,,,,"JPL 71",2460600.5,60600,2024-10-17.0,J2000,0.5179,2.232,1.076,6.38,241.23,213.80,45.35,3.39,0.2955,2460447.02,2024-05-16.5,1.22e+03,3.34,0.109,42.2,1.86,3.44,4.0e-08,6.5e-09,9.0e-08,5.0e-06,2.8e-05,3.2e-05,6.9e-06,9.8e-09,1.3e-09,2.3e-05,5.3e-06,AMO,"Otto Matic",14739,1980-11-29,2021-04-07,332,,,0,.43788,,,,-3.8e-14,8.0e-15,,,,
"  4769 Castalia (1989 PB)",,,20004769,4769,Castalia,,Y,Y,0,17.43,,,,,,,1.4,,0.092,4.095,,,,,,,"JPL 147",2460600.5,60600,2024-10-17.0,J2000,0.4832,1.063,0.549,8.88,325.51,121.44,324.11,1.58,0.8992,2460640.41,2024-11-25.9,400,1.1,0.0205,7.98,3.67,5.68,2.6e-09,7.4e-10,2.4e-09,1.8e-07,1.1e-06,1.3e-06,3.2e-06,1.1e-09,9.4e-10,3.7e-06,4.2e-07,APO,"Otto Matic",12847,1989-08-01,2024-10-03,776,8,7,0,.64463,,,,-7.3e-15,6.7e-16,,,,
"  4947 Ninkasi (1988 TJ1)",Sq,,20004947,4947,Ninkasi,,Y,N,0,18.08,,,,,,,,,,21.1,,,,,,,"JPL 201",2460600.5,60600,2024-10-17.0,J2000,0.1685,1.37,1.139,15.65,215.43,192.93,144.57,1.60,0.6146,2460365.27,2024-02-24.7,586,1.6,0.15,58.3,3.78,4.77,3.7e-08,4.4e-09,5.1e-08,3.9e-06,9.1e-06,1.5e-05,1.7e-05,5.1e-09,3.0e-09,2.7e-05,2.8e-06,AMO,"Otto Matic",16577,1978-02-17,2023-07-08,835,,,0,.40257,,,,-3.3e-14,7.7e-15,,,,
"  4953 (1990 MU)",,,20004953,4953,,,Y,Y,0,14.93,,,,,,,,,,14.218,,,,,,,"JPL 360",2460600.5,60600,2024-10-17.0,J2000,0.6574,1.621,0.555,24.38,77.53,77.93,285.02,2.69,0.4774,2460757.54,2025-03-23.0,754,2.06,0.0259,10.1,2.73,3.98,1.6e-09,3.7e-10,2.5e-09,7.7e-08,2.2e-07,2.8e-07,5.0e-07,6.1e-10,1.6e-10,1.1e-06,2.6e-07,APO,"Otto Matic",18346,1974-07-21,2024-10-12,2815,0,2,0,.40988,,,,,,,,,
"  4954 Eric (1990 SQ)",S,,20004954,4954,Eric,,Y,N,0,12.55,,,,,,,10.8,,0.176,12.056,,,,,,,"JPL 798",2460600.5,60600,2024-10-17.0,J2000,0.4494,2.001,1.102,17.43,358.41,52.62,347.92,2.90,0.3481,2460635.20,2024-11-20.6,1.03e+03,2.83,0.194,75.6,2.7,3.66,6.1e-10,5.8e-10,1.2e-09,2.8e-08,1.2e-07,3.5e-07,5.1e-07,8.4e-10,1.5e-10,1.5e-06,4.5e-07,AMO,"Otto Matic",18028,1975-06-07,2024-10-15,5366,,,0,.39907,,,,,,,,,
"  4957 Brucemurray (1990 XJ)",S,,20004957,4957,Brucemurray,,Y,N,0,15.11,,,,,,,3.499,,0.132,2.892,,,,,,0.10,"JPL 201",2460600.5,60600,2024-10-17.0,J2000,0.2189,1.565,1.223,35.01,254.88,97.48,150.48,1.91,0.5033,2460301.50,2023-12-22.9,715,1.96,0.425,165,3.59,4.2,2.2e-09,2.1e-10,3.5e-09,6.2e-08,1.3e-07,6.0e-07,8.7e-07,2.6e-10,1.0e-10,1.7e-06,1.5e-07,AMO,"Otto Matic",17462,1976-03-11,2024-01-01,2171,,,0,.42967,,,,,,,,,
"  5011 Ptah (6743 P-L)",,,20005011,5011,Ptah,,Y,Y,0,16.70,,,,,,,,,,56.3,,,,,,,"JPL 157",2460600.5,60600,2024-10-17.0,J2000,0.5001,1.636,0.818,7.41,10.63,105.94,173.66,2.45,0.471,2460231.78,2023-10-14.2,764,2.09,0.0252,9.81,2.7,4.14,5.4e-08,6.8e-09,8.5e-08,3.9e-06,3.2e-05,3.2e-05,2.2e-05,1.0e-08,2.9e-09,4.4e-05,4.8e-06,APO,"Otto Matic",23011,1960-09-24,2023-09-25,639,,,0,.50553,,,,,,,,,
"  5131 (1990 BG)",S,,20005131,5131,,,Y,N,0,14.83,,,,,,,,,,37.2,,,,,,,"JPL 423",2460600.5,60600,2024-10-17.0,J2000,0.5692,1.486,0.640,36.44,110.34,135.87,358.09,2.33,0.5441,2460604.02,2024-10-20.5,662,1.81,0.274,107,3.02,4.21,5.0e-10,2.6e-10,7.9e-10,8.3e-08,1.3e-07,1.6e-07,3.6e-07,4.1e-10,1.4e-10,6.5e-07,1.7e-07,APO,"Otto Matic",16563,1978-12-06,2024-04-11,2662,,,0,.531,,,,,,,,,
"  5143 Heracles (1991 VL)",O,,20005143,5143,Heracles,,Y,N,1,14.07,,,,,,,4.843,,0.227,2.7063,,,,,,0.38,"JPL 768",2460600.5,60600,2024-10-17.0,J2000,0.7710,1.835,0.420,8.98,309.09,228.22,45.49,3.25,0.3965,2460485.77,2024-06-24.2,908,2.49,0.0578,22.5,1.8,3.58,7.5e-10,8.6e-10,1.4e-09,7.7e-08,3.6e-07,3.5e-07,8.2e-07,1.5e-09,2.8e-10,2.0e-06,6.4e-07,APO,"Otto Matic",25883,1953-11-30,2024-10-11,4750,1,0,0,.42086,,,,,,,,,
"  5189 (1990 UQ)",,,20005189,5189,,,Y,Y,0,17.84,,,,,,,,,,6.653,,,,,,,"JPL 310",2460600.5,60600,2024-10-17.0,J2000,0.4783,1.552,0.809,3.58,135.05,159.95,257.64,2.29,0.51,2460801.21,2025-05-05.7,706,1.93,0.0448,17.4,2.92,4.31,3.5e-10,2.9e-10,6.1e-10,4.2e-08,1.1e-06,1.1e-06,2.9e-07,4.2e-10,1.4e-10,6.3e-07,2.0e-07,APO,"Otto Matic",12135,1990-10-20,2024-01-10,1789,4,1,0,.43287,,,,,,,,,
"  5324 Lyapunov (1987 SL)",,,20005324,5324,Lyapunov,,Y,N,0,15.34,,,,,,,,,,,,,,,,,"JPL 86",2460600.5,60600,2024-10-17.0,J2000,0.6052,2.982,1.177,19.62,352.16,321.13,101.93,4.79,0.1914,2460067.93,2023-05-03.4,1.88e+03,5.15,0.228,88.8,1,2.88,6.9e-08,2.7e-08,2.0e-07,1.1e-05,2.1e-05,2.6e-05,2.2e-05,4.3e-08,2.6e-09,1.1e-04,2.6e-05,AMO,"Otto Matic",13252,1987-09-19,2023-12-31,390,,,0,.56662,,,,,,,,,
"  5332 Davidaguilar (1990 DA)",,,20005332,5332,Davidaguilar,,Y,N,0,15.02,,,,,,,3.6,,,5.803,,,,,,,"JPL 434",2460600.5,60600,2024-10-17.0,J2000,0.4557,2.163,1.177,25.52,142.77,306.07,339.58,3.15,0.3098,2460666.41,2024-12-21.9,1.16e+03,3.18,0.307,119,2.37,3.44,1.6e-09,1.3e-09,2.9e-09,1.1e-07,3.6e-07,6.1e-07,8.0e-07,1.8e-09,2.7e-10,2.6e-06,1.0e-06,AMO,"Otto Matic",18626,1973-10-18,2024-10-16,6063,,,0,.30448,,,,,,,,,
"  5370 Taranis (1986 RA)",,,20005370,5370,Taranis,,Y,N,0,15.23,,,,,,,3.6,,0.037,,,,,,,,"JPL 69",2460600.5,60600,2024-10-17.0,J2000,0.6370,3.319,1.205,19.17,177.79,161.31,90.75,5.43,0.163,2460043.71,2023-04-09.2,2.21e+03,6.05,0.213,82.9,0.375,2.73,1.3e-07,5.6e-08,4.4e-07,1.8e-05,3.2e-05,4.2e-05,5.3e-05,9.1e-08,4.1e-09,3.1e-04,5.5e-05,AMO,"Otto Matic",13632,1986-08-11,2023-12-07,354,,,0,.60851,,,,,,,,,
"  5381 Sekhmet (1991 JY)",,,20005381,5381,Sekhmet,,Y,N,1,16.72,,,,,,,0.935,,0.507,2.8233,,,,,,0.04,"JPL 106",2460600.5,60600,2024-10-17.0,J2000,0.2964,0.9475,0.667,48.97,58.53,37.42,199.13,1.23,1.069,2460751.03,2025-03-16.5,337,0.922,0.114,44.4,4.17,6.03,6.8e-10,5.2e-10,8.0e-10,1.3e-07,7.4e-08,1.8e-07,1.6e-06,6.8e-10,8.9e-10,1.6e-06,2.8e-07,ATE,"Otto Matic",12108,1991-05-14,2024-07-07,683,1,0,0,.66609,,,,5.4e-15,1.2e-15,,,,
"  5496 (1973 NA)",,,20005496,5496,,,Y,N,0,16.15,,,,,,,,,,2.855,,,,,,,"JPL 62",2460600.5,60600,2024-10-17.0,J2000,0.6350,2.435,0.889,68.00,101.04,117.98,195.45,3.98,0.2594,2461234.90,2026-07-13.4,1.39e+03,3.8,0.0937,36.5,2.66,2.53,3.5e-09,3.4e-09,8.3e-09,8.0e-07,7.2e-07,8.1e-07,1.9e-06,5.5e-09,5.4e-10,8.7e-06,2.9e-06,APO,"Otto Matic",17771,1973-07-06,2022-03-02,261,,,0,.57712,,,,,,,,,
"  5587 (1990 SB)",Sq,,20005587,5587,,,Y,N,0,13.89,,,,,,,3.57,,0.32,5.0522,,,,,,,"JPL 521",2460600.5,60600,2024-10-17.0,J2000,0.5441,2.4,1.094,18.07,189.85,86.96,103.89,3.71,0.2651,2460208.58,2023-09-21.0,1.36e+03,3.72,0.31,121,1.96,3.25,7.5e-10,1.0e-09,1.9e-09,5.4e-08,1.6e-07,1.8e-07,5.6e-07,1.6e-09,1.7e-10,1.9e-06,8.8e-07,AMO,"Otto Matic",25874,1953-12-07,2024-10-09,4895,,,0,.43585,,,,,,,,,
"  5590 (1990 VA)",,,20005590,5590,,,Y,N,0,19.91,,,,,,,,,,,,,,,,,"JPL 17",2460600.5,60600,2024-10-17.0,J2000,0.2802,0.9864,0.710,14.18,216.26,34.47,25.89,1.26,1.006,2460574.76,2024-09-21.2,358,0.98,0.122,47.4,3.76,6.09,2.0e-06,3.5e-07,1.7e-06,6.3e-05,6.3e-05,9.7e-05,7.8e-04,4.5e-07,5.4e-07,7.9e-04,1.9e-04,ATE,"Otto Matic",2218,1990-11-09,1996-12-05,67,,,2,.65649,,,,,,,,,
"  5604 (1992 FE)",V,,20005604,5604,,,Y,Y,0,17.38,,,,,,,0.55,,0.48,5.3375,,,,,,,"JPL 196",2460600.5,60600,2024-10-17.0,J2000,0.4061,0.9286,0.552,4.71,311.89,82.68,269.92,1.31,1.101,2460682.29,2025-01-06.7,327,0.895,0.0333,13,4.14,6.37,2.5e-09,1.3e-09,3.0e-09,4.2e-08,5.1e-07,5.4e-07,4.0e-06,1.9e-09,2.4e-09,3.8e-06,7.1e-07,ATE,"Otto Matic",14344,1985-04-17,2024-07-25,1179,6,0,0,.46038,,,,-2.1e-15,2.5e-15,,,,
"  5620 Jasonwheeler (1990 OA)",,,20005620,5620,Jasonwheeler,,Y,N,0,17.12,,,,,,,,,,5.307,,,,,,,"JPL 130",2460600.5,60600,2024-10-17.0,J2000,0.4228,2.159,1.246,7.87,128.65,153.76,292.11,3.07,0.3108,2460818.97,2025-05-23.4,1.16e+03,3.17,0.238,92.8,2.11,3.57,2.7e-08,5.4e-09,5.9e-08,4.2e-07,3.2e-05,3.2e-05,9.7e-06,7.7e-09,1.2e-09,3.2e-05,4.4e-06,AMO,"Otto Matic",25051,1955-05-16,2023-12-16,650,,,0,.66432,,,,,,,,,
"  5626 Melissabrucker (1991 FE)",S,,20005626,5626,Melissabrucker,,Y,N,0,14.34,,,,,,,,,,2.48611,,,,,,,"JPL 766",2460600.5,60600,2024-10-17.0,J2000,0.4547,2.195,1.197,3.85,173.10,231.87,200.05,3.19,0.3031,2461128.28,2026-03-28.7,1.19e+03,3.25,0.213,82.9,2.23,3.52,7.9e-10,1.2e-09,1.7e-09,4.7e-08,1.3e-06,1.3e-06,4.2e-07,1.7e-09,2.4e-10,1.8e-06,9.4e-07,AMO,"Otto Matic",19632,1970-09-08,2024-06-08,4486,,,0,.43744,,,,,,,,,
"  5645 (1990 SP)",,,20005645,5645,,,Y,N,0,17.23,,,,,,,1.668,,0.121,30.39,,,,,,0.02,"JPL 269",2460600.5,60600,2024-10-17.0,J2000,0.3873,1.355,0.830,13.51,45.71,48.27,164.51,1.88,0.6251,2460337.32,2024-01-27.8,576,1.58,0.0538,20.9,3.39,4.76,6.2e-09,6.9e-10,8.1e-09,5.5e-07,2.4e-06,2.1e-06,1.7e-06,9.6e-10,4.8e-10,2.5e-06,4.4e-07,APO,"Otto Matic",18196,1974-08-13,2024-06-07,1719,0,1,0,.41522,,,,,,,,,
"  5646 (1990 TR)",U,,20005646,5646,,,Y,N,1,15.51,,,,,,,4.3,,0.223,3.1999,,,,,,,"JPL 449",2460600.5,60600,2024-10-17.0,J2000,0.4357,2.144,1.210,7.91,14.10,335.77,314.96,3.08,0.314,2460743.96,2025-03-09.4,1.15e+03,3.14,0.212,82.6,2.36,3.57,1.7e-09,6.5e-10,3.6e-09,2.0e-07,1.3e-06,1.3e-06,5.3e-07,9.4e-10,1.4e-10,1.7e-06,5.2e-07,AMO,"Otto Matic",12448,1990-05-03,2024-06-01,2538,,,0,.45858,,,,,,,,,
"  5653 Camarillo (1992 WD5)",,,20005653,5653,Camarillo,,Y,N,0,16.22,,,,,,,1.537,,0.271,4.834,,,,,,0.02,"JPL 457",2460600.5,60600,2024-10-17.0,J2000,0.3042,1.794,1.248,6.87,9.89,122.62,63.97,2.34,0.4101,2460444.53,2024-05-14.0,878,2.4,0.284,111,2.73,4.01,2.7e-09,1.2e-09,5.3e-09,2.0e-07,1.0e-06,1.1e-06,1.3e-06,1.5e-09,4.0e-10,3.1e-06,8.5e-07,AMO,"Otto Matic",18278,1974-03-24,2024-04-08,3846,,,0,.40171,,,,,,,,,
"  5660 (1974 MA)",Q,,20005660,5660,,,Y,N,0,15.38,,,,,,,,,,17.5,,,,,,,"JPL 127",2460600.5,60600,2024-10-17.0,J2000,0.7621,1.785,0.425,38.14,302.12,127.04,358.08,3.15,0.4132,2460605.14,2024-10-21.6,871,2.39,0.163,63.3,2.84,3.51,1.3e-09,8.1e-10,2.4e-09,3.0e-07,3.7e-07,4.4e-07,9.3e-07,1.4e-09,2.8e-10,2.3e-06,5.9e-07,APO,"Otto Matic",18360,1974-06-26,2024-10-01,725,1,1,0,.52778,,,,,,,,,
"  5693 (1993 EA)",,,20005693,5693,,,Y,Y,0,16.79,,,,,,,,,,2.496,,,,,,,"JPL 440",2460600.5,60600,2024-10-17.0,J2000,0.5851,1.271,0.527,5.06,96.98,258.98,203.14,2.01,0.6882,2460828.42,2025-06-01.9,523,1.43,0.00577,2.25,3.44,4.89,1.3e-09,4.4e-10,1.6e-09,8.2e-08,6.6e-07,6.1e-07,7.7e-07,6.9e-10,3.6e-10,1.2e-06,2.7e-07,APO,"Otto Matic",14717,1984-01-10,2024-04-26,2847,,,0,.47614,,,,,,,,,
"  5731 Zeus (1988 VP4)",,,20005731,5731,Zeus,,Y,N,0,15.47,,,,,,,5.231,,0.031,,,,,,,0.69,"JPL 270",2460600.5,60600,2024-10-17.0,J2000,0.6521,2.266,0.788,11.20,280.59,218.43,166.28,3.74,0.289,2460025.06,2023-03-21.5,1.25e+03,3.41,0.0641,24.9,1.44,3.28,1.5e-08,3.6e-09,3.5e-08,1.4e-07,2.2e-06,3.3e-06,1.3e-06,6.0e-09,6.9e-10,3.3e-06,3.0e-06,APO,"Otto Matic",13110,1988-09-13,2024-08-05,1524,,,0,.48076,,,,,,,,,
"  5751 Zao (1992 AC)",X,,20005751,5751,Zao,,Y,N,0,14.95,,,,,,,2.3,,0.36,76,,,,,,,"JPL 359",2460600.5,60600,2024-10-17.0,J2000,0.4254,2.101,1.207,16.07,121.63,25.46,254.35,3.00,0.3236,2460927.00,2025-09-08.4,1.11e+03,3.05,0.241,94,2.07,3.58,2.8e-09,7.9e-10,6.1e-09,8.1e-08,3.9e-07,9.6e-07,2.1e-06,1.1e-09,1.8e-10,6.5e-06,6.2e-07,AMO,"Otto Matic",12997,1989-03-10,2024-10-09,2844,,,0,.50036,,,,,,,,,
"  5786 Talos (1991 RC)",,,20005786,5786,Talos,,Y,N,0,17.17,,,,,,,,,,23.6,,,,,,,"JPL 237",2460600.5,60600,2024-10-17.0,J2000,0.8268,1.081,0.187,23.22,161.28,8.39,277.56,1.98,0.8763,2460694.57,2025-01-19.0,411,1.12,0.189,73.4,3,5.28,1.8e-09,4.9e-10,1.9e-09,2.2e-07,3.1e-07,2.7e-07,1.8e-06,9.0e-10,6.0e-10,2.2e-06,2.8e-07,APO,"Otto Matic",12092,1991-09-03,2024-10-11,1496,,,0,.5219,,,,,,,,,
"  5797 Bivoj (1980 AA)",,,20005797,5797,Bivoj,,Y,N,0,18.88,,,,,,,0.4,,,2.706,,,,,,,"JPL 101",2460600.5,60600,2024-10-17.0,J2000,0.4443,1.894,1.052,4.19,298.92,168.64,69.36,2.74,0.3782,2460417.11,2024-04-16.6,952,2.61,0.0712,27.7,2.43,3.83,3.2e-08,9.9e-10,6.1e-08,3.9e-06,5.3e-05,5.3e-05,8.0e-06,1.4e-09,3.0e-10,2.1e-05,7.5e-07,AMO,"Otto Matic",15950,1980-01-16,2023-09-17,454,,,0,.41524,,,,,,,,,
"  5828 (1991 AM)",Q,,20005828,5828,,,Y,N,0,15.97,,,,,,,1.457,,0.331,2.6666,,,,,,0.04,"JPL 231",2460600.5,60600,2024-10-17.0,J2000,0.6949,1.698,0.518,30.12,125.42,152.77,57.64,2.88,0.4454,2460471.10,2024-06-09.6,808,2.21,0.398,155,2.45,3.77,1.6e-09,9.4e-10,2.7e-09,2.0e-07,2.8e-07,3.6e-07,1.2e-06,1.6e-09,3.7e-10,2.5e-06,6.7e-07,APO,"Otto Matic",12321,1991-01-14,2024-10-08,1404,,,0,.4528,,,,,,,,,
"  5836 (1993 MF)",S,,20005836,5836,,,Y,N,0,15.00,,,,,,,2.754,,0.156,4.9543,,,,,,0.81,"JPL 364",2460600.5,60600,2024-10-17.0,J2000,0.5365,2.441,1.131,7.94,238.71,78.09,59.58,3.75,0.2584,2460369.96,2024-02-29.4,1.39e+03,3.81,0.185,71.9,1.7,3.28,1.7e-09,1.3e-09,4.1e-09,1.3e-07,1.6e-06,1.5e-06,5.5e-07,2.0e-09,2.1e-10,2.0e-06,1.1e-06,AMO,"Otto Matic",15872,1981-04-26,2024-10-09,2248,,,0,.50201,,,,,,,,,
"  5863 Tara (1983 RB)",,,20005863,5863,Tara,,Y,N,0,15.84,,,,,,,1.345,,0.488,5.867,,,,,,0.50,"JPL 271",2460600.5,60600,2024-10-17.0,J2000,0.5065,2.222,1.097,19.49,168.76,115.62,166.87,3.35,0.2976,2460039.76,2023-04-05.2,1.21e+03,3.31,0.234,91,2.24,3.4,2.2e-09,2.8e-09,4.2e-09,2.1e-07,3.7e-07,5.8e-07,1.8e-06,4.2e-09,5.6e-10,4.8e-06,2.3e-06,AMO,"Otto Matic",15000,1983-09-07,2024-10-01,1476,,,0,.57247,,,,,,,,,
"  5869 Tanith (1988 VN4)",,,20005869,5869,Tanith,,Y,N,0,17.22,,,,,,,,,,17.519,,,,,,,"JPL 189",2460600.5,60600,2024-10-17.0,J2000,0.3213,1.812,1.230,17.93,227.85,230.86,232.38,2.39,0.404,2460916.38,2025-08-28.8,891,2.44,0.311,121,2.95,3.94,4.2e-09,3.0e-09,7.8e-09,2.0e-07,4.6e-07,8.5e-07,3.3e-06,4.0e-09,1.0e-09,9.0e-06,2.2e-06,AMO,"Otto Matic",16826,1977-02-16,2023-03-13,963,,,0,.5137,,,,,,,,,
"  5879 Almeria (1992 CH1)",,,20005879,5879,Almeria,,Y,N,0,17.62,,,,,,,,,,21.967,,,,,,,"JPL 316",2460600.5,60600,2024-10-17.0,J2000,0.2892,1.625,1.155,21.57,145.83,355.78,283.14,2.09,0.476,2460761.97,2025-03-27.4,756,2.07,0.169,65.9,2.93,4.2,4.4e-09,1.2e-09,6.7e-09,3.5e-07,9.4e-07,1.3e-06,5.6e-07,1.5e-09,5.3e-10,1.1e-06,8.4e-07,AMO,"Otto Matic",11932,1992-02-08,2024-10-09,1780,,,0,.4868,,,,,,,,,
"  6037 (1988 EG)",,,20006037,6037,,,Y,Y,0,18.86,,,,,,,,,,2.7602,,,,,,,"JPL 165",2460600.5,60600,2024-10-17.0,J2000,0.4997,1.272,0.636,3.51,182.18,242.32,249.72,1.91,0.6874,2460760.94,2025-03-26.4,524,1.43,0.0241,9.4,3.44,4.95,9.1e-09,5.2e-10,1.2e-08,1.8e-06,2.0e-05,2.0e-05,1.8e-06,7.8e-10,4.2e-10,2.7e-06,3.2e-07,APO,"Otto Matic",13260,1988-03-12,2024-07-01,1100,5,4,0,.32622,,,,,,,,,
"  6047 (1991 TB1)",S,,20006047,6047,,,Y,N,0,17.84,,,,,,,,,,,,,,,,,"JPL 169",2460600.5,60600,2024-10-17.0,J2000,0.3521,1.455,0.942,23.47,6.07,103.82,242.40,1.97,0.5619,2460809.80,2025-05-14.2,641,1.75,0.142,55.1,3.31,4.49,4.1e-09,6.7e-10,6.2e-09,3.2e-07,6.6e-07,1.1e-06,9.5e-07,9.1e-10,3.9e-10,1.8e-06,4.4e-07,APO,"Otto Matic",13449,1985-03-20,2022-01-14,857,,,0,.53947,,,,,,,,,
"  6050 Miwablock (1992 AE)",,,20006050,6050,Miwablock,,Y,N,0,14.99,,,,,,,2.884,,0.257,5.7566,,,,,,0.07,"JPL 508",2460600.5,60600,2024-10-17.0,J2000,0.4372,2.202,1.239,6.41,88.15,285.05,33.19,3.17,0.3016,2460490.45,2024-06-28.9,1.19e+03,3.27,0.268,104,2.32,3.53,7.6e-10,7.4e-10,2.0e-09,6.9e-08,3.1e-07,3.6e-07,5.1e-07,1.1e-09,1.5e-10,1.7e-06,6.1e-07,AMO,"Otto Matic",26175,1953-02-15,2024-10-15,2818,,,0,.52182,,,,,,,,,
"  6053 (1993 BW3)",Sq,,20006053,6053,,,Y,N,0,15.10,,,,,,,3.720,,0.140,2.573,,,,,,0.08,"JPL 379",2460600.5,60600,2024-10-17.0,J2000,0.5287,2.147,1.012,21.58,318.23,74.93,82.05,3.28,0.3134,2460338.67,2024-01-29.1,1.15e+03,3.15,0.222,86.4,2.69,3.44,4.5e-10,8.2e-10,8.3e-10,1.3e-07,1.3e-07,1.5e-07,4.5e-07,1.3e-09,1.8e-10,1.3e-06,6.6e-07,APO,"Otto Matic",17464,1976-06-04,2024-03-28,3294,,,0,.36097,,,,,,,,,
"  6063 Jason (1984 KB)",,,20006063,6063,Jason,,Y,N,0,16.02,,,,,,,1.4,,0.21,48.6,,,,,,,"JPL 214",2460600.5,60600,2024-10-17.0,J2000,0.7622,2.22,0.528,4.96,169.03,337.61,99.90,3.91,0.2979,2460265.20,2023-11-16.7,1.21e+03,3.31,0.0763,29.7,1.14,3.19,7.3e-09,2.3e-09,1.7e-08,1.3e-06,3.7e-05,3.7e-05,1.3e-06,4.1e-09,4.7e-10,3.8e-06,1.9e-06,APO,"Otto Matic",23245,1960-10-22,2024-06-13,1317,7,3,0,.37965,,,,,,,,,
"  6178 (1986 DA)",,,20006178,6178,,,Y,N,0,15.72,,,,,,,2.3,,0.15,3.5002,,0.677,0.267,,,,"JPL 234",2460600.5,60600,2024-10-17.0,J2000,0.5845,2.815,1.169,4.31,64.49,127.48,54.83,4.46,0.2087,2460337.84,2024-01-28.3,1.72e+03,4.72,0.182,70.9,0.523,3.04,1.7e-08,5.9e-09,4.9e-08,4.0e-06,5.2e-05,5.2e-05,3.8e-06,9.4e-09,6.6e-10,1.8e-05,5.4e-06,AMO,"Otto Matic",17192,1977-07-17,2024-08-11,1354,1,1,0,.44354,,,,,,,,,
"  6239 Minos (1989 QF)",,,20006239,6239,Minos,,Y,Y,0,18.61,,,,,,,,,,3.5558,,,,,,,"JPL 241",2460600.5,60600,2024-10-17.0,J2000,0.4126,1.151,0.676,3.94,344.53,239.77,224.50,1.63,0.7982,2460770.27,2025-04-04.7,451,1.23,0.0263,10.2,3.36,5.38,2.4e-09,1.4e-09,3.0e-09,9.2e-08,2.0e-06,1.7e-06,3.8e-06,2.0e-09,1.5e-09,5.1e-06,8.3e-07,APO,"Otto Matic",14890,1983-01-14,2023-10-21,1502,3,0,0,.45851,,,,1.4e-14,2.3e-15,,,,
"  6455 (1992 HE)",S,,20006455,6455,,,Y,N,0,14.10,,,,,,,4.626,,0.227,2.7361,,,,,,0.41,"JPL 516",2460600.5,60600,2024-10-17.0,J2000,0.5728,2.24,0.957,37.34,26.89,262.75,230.08,3.52,0.294,2461042.38,2026-01-01.8,1.22e+03,3.35,0.29,113,2.84,3.18,1.0e-09,1.0e-09,1.9e-09,6.6e-08,9.2e-08,1.5e-07,4.2e-07,1.6e-09,2.0e-10,1.7e-06,8.2e-07,APO,"Otto Matic",12531,1989-09-29,2024-01-20,5113,,,0,.35868,,,,,,,,,
"  6456 Golombek (1992 OM)",,,20006456,6456,Golombek,,Y,N,0,16.06,,,,,,,,,,2.50129,,,,,,,"JPL 335",2460600.5,60600,2024-10-17.0,J2000,0.4090,2.193,1.296,8.22,313.57,347.10,335.09,3.09,0.3035,2460682.59,2025-01-07.0,1.19e+03,3.25,0.283,110,2.16,3.54,1.9e-09,9.1e-10,4.3e-09,4.7e-08,2.9e-07,4.1e-07,3.3e-07,1.3e-09,1.9e-10,1.1e-06,7.4e-07,AMO,"Otto Matic",16409,1979-08-22,2024-07-25,2118,,,0,.42042,,,,,,,,,
"  6489 Golevka (1991 JX)",Q,,20006489,6489,Golevka,,Y,Y,0,19.22,,,,,,,0.53,,0.151,6.026,,,,,,0.03,"JPL 107",2460600.5,60600,2024-10-17.0,J2000,0.6151,2.484,0.956,2.27,209.42,68.66,151.88,4.01,0.2518,2459997.28,2023-02-21.7,1.43e+03,3.91,0.024,9.36,1.16,3.18,2.3e-09,2.0e-09,5.2e-09,6.2e-07,2.2e-05,2.3e-05,1.6e-06,3.2e-09,3.0e-10,5.5e-06,1.7e-06,APO,"Otto Matic",8968,1991-04-15,2015-11-03,1017,20,20,0,.62902,,,,-1.2e-14,1.5e-15,,,,
"  6491 (1991 OA)",,,20006491,6491,,,Y,Y,0,18.72,,,,,,,,,,2.69,,,,,,,"JPL 34",2460600.5,60600,2024-10-17.0,J2000,0.5917,2.506,1.023,6.00,301.00,324.73,142.22,3.99,0.2484,2460027.95,2023-03-24.4,1.45e+03,3.97,0.0417,16.2,1.16,3.19,3.6e-08,1.6e-08,9.0e-08,7.6e-06,7.6e-05,7.6e-05,7.7e-06,2.6e-08,2.4e-09,2.9e-05,1.4e-05,AMO,"Otto Matic",11898,1991-03-18,2023-10-14,202,,,0,.56168,,,,,,,,,
"  6569 Ondaatje (1993 MO)",Sr,,20006569,6569,Ondaatje,,Y,N,0,16.63,,,,,,,,,,5.958,,,,,,,"JPL 467",2460600.5,60600,2024-10-17.0,J2000,0.2209,1.626,1.267,22.64,111.46,167.30,29.09,1.99,0.4753,2460539.29,2024-08-16.7,757,2.07,0.256,99.5,3.18,4.21,1.8e-09,5.0e-10,3.0e-09,1.5e-07,2.5e-07,8.2e-07,3.3e-07,6.1e-10,2.2e-10,7.1e-07,3.5e-07,AMO,"Otto Matic",14872,1983-12-29,2024-09-16,5799,,,0,.35096,,,,,,,,,
"  6611 (1993 VW)",V,,20006611,6611,,,Y,N,0,16.90,,,,,,,1.408,,0.158,2.5568,,,,,,0.34,"JPL 281",2460600.5,60600,2024-10-17.0,J2000,0.4846,1.696,0.874,8.70,230.77,281.59,315.03,2.52,0.4461,2460701.29,2025-01-25.7,807,2.21,0.0611,23.8,2.56,4.05,2.5e-09,1.0e-09,4.1e-09,1.7e-07,3.8e-07,7.6e-07,1.5e-06,1.5e-09,4.0e-10,3.4e-06,7.1e-07,APO,"Otto Matic",15310,1982-11-15,2024-10-15,1447,,,0,.56453,,,,,,,,,
"  7025 (1993 QA)",,,20007025,7025,,,Y,N,0,18.08,,,,,,,0.498,,0.340,2.5057,,,,,,0.17,"JPL 151",2460600.5,60600,2024-10-17.0,J2000,0.3150,1.476,1.011,12.61,146.59,323.45,14.75,1.94,0.5498,2460573.66,2024-09-20.1,655,1.79,0.064,24.9,3.2,4.51,1.6e-08,1.2e-09,2.4e-08,3.0e-06,9.2e-06,1.1e-05,1.1e-05,1.5e-09,6.5e-10,2.0e-05,7.7e-07,APO,"Otto Matic",10919,1993-08-16,2023-07-09,963,3,0,0,.49384,,,,,,,,,
"  7088 Ishtar (1992 AA)",,,20007088,7088,Ishtar,,Y,N,1,16.84,,,,,,,1.298,,0.260,2.679,,,,,,0.26,"JPL 272",2460600.5,60600,2024-10-17.0,J2000,0.3903,1.981,1.208,8.30,102.61,354.78,271.76,2.75,0.3535,2460850.09,2025-06-23.5,1.02e+03,2.79,0.226,87.8,2.45,3.75,3.1e-09,1.3e-09,5.4e-09,2.3e-07,2.3e-06,2.0e-06,6.9e-07,1.8e-09,3.5e-10,2.1e-06,1.0e-06,AMO,"Otto Matic",15918,1981-03-03,2024-10-01,1463,,,0,.45173,,,,,,,,,
"  7092 Cadmus (1992 LC)",,,20007092,7092,Cadmus,,Y,N,0,15.12,,,,,,,6.319,,0.046,,,,,,,3.78,"JPL 236",2460600.5,60600,2024-10-17.0,J2000,0.6935,2.545,0.780,17.79,56.72,94.77,30.55,4.31,0.2427,2460474.64,2024-06-13.1,1.48e+03,4.06,0.102,39.8,1.51,3,2.7e-09,1.7e-09,6.9e-09,1.8e-07,3.4e-07,5.6e-07,7.6e-07,2.8e-09,2.4e-10,3.0e-06,1.5e-06,APO,"Otto Matic",16152,1980-06-02,2024-08-22,1451,,,0,.58091,,,,,,,,,
"  7236 (1987 PA)",,,20007236,7236,,,Y,N,0,18.32,,,,,,,,,,,,,,,,,"JPL 66",2460600.5,60600,2024-10-17.0,J2000,0.5598,2.727,1.200,16.37,308.24,338.24,106.90,4.25,0.2189,2460112.17,2023-06-16.6,1.64e+03,4.5,0.202,78.4,1.05,3.06,1.4e-07,3.5e-09,3.8e-07,9.4e-06,2.4e-05,3.1e-05,1.1e-05,5.4e-09,4.2e-10,4.9e-05,3.1e-06,AMO,"Otto Matic",13249,1987-08-01,2023-11-09,274,,,0,.48231,,,,,,,,,
"  7335 (1989 JA)",,,20007335,7335,,,Y,Y,1,17.70,,,,,,,1.8,,0.448,2.58988,,,,,,,"JPL 223",2460600.5,60600,2024-10-17.0,J2000,0.4846,1.772,0.913,15.17,61.28,232.27,349.17,2.63,0.4178,2460626.41,2024-11-11.9,862,2.36,0.0231,8.98,2.66,3.92,3.8e-09,9.8e-10,6.5e-09,2.9e-07,5.0e-07,6.2e-07,1.8e-07,1.5e-09,3.5e-10,4.6e-07,7.1e-07,APO,"Otto Matic",12808,1989-04-06,2024-04-30,2648,4,5,0,.34318,,,,-2.4e-14,2.3e-15,,,,
"  7336 Saunders (1989 RS1)",Sq,,20007336,7336,Saunders,,Y,N,0,18.82,,,,,,,,,,4.307,,,,,,,"JPL 212",2460600.5,60600,2024-10-17.0,J2000,0.4815,2.306,1.196,7.20,174.46,181.56,5.75,3.42,0.2815,2460580.08,2024-09-26.5,1.28e+03,3.5,0.191,74.3,2.03,3.41,3.2e-08,9.6e-10,7.5e-08,3.9e-06,1.4e-05,2.1e-05,5.8e-06,1.4e-09,1.8e-10,2.1e-05,8.0e-07,AMO,"Otto Matic",15332,1982-10-20,2024-10-11,1185,,,0,.36319,,,,,,,,,
"  7341 (1991 VK)",Sq,,20007341,7341,,,Y,Y,0,16.96,,,,,,,0.982,,0.235,4.2096,,,,,,0.32,"JPL 445",2460600.5,60600,2024-10-17.0,J2000,0.5061,1.841,0.909,5.41,294.73,173.48,37.89,2.77,0.3944,2460504.43,2024-07-12.9,913,2.5,0.0471,18.3,2.39,3.85,1.9e-09,3.6e-10,3.4e-09,1.1e-07,4.9e-06,5.5e-06,3.6e-07,5.4e-10,1.1e-10,9.0e-07,2.6e-07,APO,"Otto Matic",11636,1991-09-12,2023-07-22,2443,10,3,0,.34634,,,,-5.8e-15,9.3e-16,,,,
"  7350 (1993 VA)",,,20007350,7350,,,Y,N,0,17.16,,,,,,,1.921,,0.069,3.58264,,,,,,0.03,"JPL 369",2460600.5,60600,2024-10-17.0,J2000,0.3911,1.356,0.826,7.26,133.05,336.70,183.75,1.89,0.6242,2460882.87,2025-07-26.3,577,1.58,0.0799,31.1,3.25,4.77,1.6e-09,1.2e-09,2.4e-09,1.2e-07,6.1e-07,1.1e-06,1.6e-06,1.6e-09,8.1e-10,3.0e-06,7.5e-07,APO,"Otto Matic",22185,1963-10-15,2024-07-11,2074,,,0,.41652,,,,-1.5e-14,2.5e-15,,,,
"  7358 Oze (1995 YA3)",Sq,,20007358,7358,Oze,,Y,N,0,14.72,,,,,,,,,,125.8,,,,,,,"JPL 512",2460600.5,60600,2024-10-17.0,J2000,0.5020,2.199,1.095,4.66,265.42,92.31,351.77,3.30,0.3023,2460627.73,2024-11-13.2,1.19e+03,3.26,0.124,48.4,2.19,3.49,1.7e-09,1.8e-09,3.2e-09,8.3e-08,1.1e-06,1.2e-06,1.4e-06,2.7e-09,3.7e-10,4.8e-06,1.5e-06,AMO,"Otto Matic",23694,1959-12-02,2024-10-15,8011,,,0,.29796,,,,,,,,,
"  7474 (1992 TC)",X,,20007474,7474,,,Y,N,0,18.11,,,,,,,,,,5.54,,,,,,,"JPL 87",2460600.5,60600,2024-10-17.0,J2000,0.2923,1.565,1.108,7.09,88.60,275.65,129.54,2.02,0.5032,2460343.06,2024-02-02.5,715,1.96,0.167,65.1,3.45,4.37,1.1e-07,1.1e-08,1.7e-07,3.7e-06,5.8e-05,7.0e-05,8.0e-05,1.4e-08,5.4e-09,1.6e-04,7.7e-06,AMO,"Otto Matic",11963,1990-08-19,2023-05-21,462,,,0,.65136,,,,,,,,,
"  7480 Norwan (1994 PC)",S,,20007480,7480,Norwan,,Y,N,0,17.24,,,,,,,,,,35.9,,,,,,,"JPL 231",2460600.5,60600,2024-10-17.0,J2000,0.3171,1.568,1.071,9.45,124.36,256.87,98.18,2.06,0.5021,2460404.97,2024-04-04.4,717,1.96,0.161,62.8,3.43,4.35,3.9e-08,6.9e-09,6.2e-08,3.6e-06,2.3e-05,3.4e-05,4.8e-05,9.1e-09,3.3e-09,9.5e-05,4.7e-06,AMO,"Otto Matic",15029,1982-05-01,2023-06-24,1202,,,0,.6083,,,,,,,,,
"  7482 (1994 PC1)",S,,20007482,7482,,,Y,Y,0,16.66,,,,,,,1.052,,0.277,2.5999,,,,,,0.30,"JPL 218",2460600.5,60600,2024-10-17.0,J2000,0.3294,1.349,0.904,33.47,117.85,47.49,246.56,1.79,0.6293,2460780.76,2025-04-15.2,572,1.57,0.000596,0.232,3.37,4.66,5.7e-09,6.5e-09,1.0e-08,6.0e-07,1.1e-06,2.2e-06,3.2e-06,8.6e-09,4.5e-09,6.4e-06,4.1e-06,APO,"Otto Matic",18247,1974-09-22,2024-09-06,1491,2,2,0,.3655,,,,3.7e-15,9.2e-15,,,,
"  7753 (1988 XB)",B,,20007753,7753,,,Y,Y,0,18.02,,,,,,,,,,42.2,,,,,,,"JPL 235",2460600.5,60600,2024-10-17.0,J2000,0.4817,1.467,0.761,3.12,73.39,280.08,95.85,2.17,0.5545,2460427.66,2024-04-27.1,649,1.78,0.00655,2.55,3.27,4.48,8.6e-09,2.1e-09,1.3e-08,3.5e-06,2.5e-05,2.5e-05,1.6e-06,3.1e-09,1.2e-09,2.6e-06,1.4e-06,APO,"Otto Matic",12528,1988-12-05,2023-03-25,1305,8,9,0,.41001,,,,-1.1e-14,3.7e-15,,,,
"  7822 (1991 CS)",S,,20007822,7822,,,Y,Y,0,17.34,,,,,,,1.602,,0.075,2.3896,,,,,,0.01,"JPL 315",2460600.5,60600,2024-10-17.0,J2000,0.1646,1.123,0.938,37.12,156.84,249.45,182.35,1.31,0.8285,2460814.92,2025-05-19.4,435,1.19,0.0226,8.81,3.96,5.37,1.1e-09,1.0e-09,1.0e-09,1.7e-07,2.3e-07,2.9e-07,3.0e-06,1.2e-09,1.2e-09,3.9e-06,6.1e-07,APO,"Otto Matic",11845,1991-01-19,2023-06-25,3958,0,4,0,.3009,,,,-5.6e-15,1.5e-15,,,,
"  7839 (1994 ND)",,,20007839,7839,,,Y,N,0,17.83,,,,,,,0.784,,0.181,,,,,,,0.01,"JPL 47",2460600.5,60600,2024-10-17.0,J2000,0.5187,2.165,1.042,27.12,102.51,228.32,167.97,3.29,0.3095,2460057.71,2023-04-23.2,1.16e+03,3.19,0.137,53.1,2.36,3.38,7.2e-08,7.6e-09,1.6e-07,1.4e-05,1.4e-05,2.1e-05,2.2e-05,1.2e-08,1.6e-09,6.9e-05,6.1e-06,AMO,"Otto Matic",10752,1994-07-03,2023-12-10,202,,,0,.53844,,,,,,,,,
"  7888 (1993 UC)",U,,20007888,7888,,,Y,N,1,15.19,,,,,,,2.298,,0.257,2.337,,,,,,0.73,"JPL 202",2460600.5,60600,2024-10-17.0,J2000,0.6631,2.438,0.821,26.07,165.89,323.01,24.14,4.05,0.2589,2460507.27,2024-07-15.7,1.39e+03,3.81,0.0843,32.8,1.46,3.06,1.4e-09,6.1e-10,3.5e-09,1.3e-07,3.5e-07,5.8e-07,4.2e-07,1.0e-09,9.7e-11,1.6e-06,5.2e-07,APO,"Otto Matic",12427,1989-10-28,2023-11-06,1430,5,0,0,.41861,,,,,,,,,
"  7889 (1994 LX)",V,,20007889,7889,,,Y,N,1,15.30,,,,,,,1.680,,0.452,2.741,,,,,,0.07,"JPL 490",2460600.5,60600,2024-10-17.0,J2000,0.3463,1.262,0.825,36.91,111.26,349.18,337.10,1.70,0.6956,2460633.42,2024-11-18.9,518,1.42,0.154,59.8,3.47,4.86,5.0e-10,4.7e-11,6.3e-10,6.2e-08,8.7e-08,1.0e-07,1.7e-07,6.3e-11,3.9e-11,2.4e-07,2.9e-08,APO,"Otto Matic",17233,1977-08-10,2024-10-15,5315,2,2,0,.30757,,,,,,,,,
"  7977 (1977 QQ5)",S,,20007977,7977,,,Y,N,0,15.19,,,,,,,,,,7.456,,,,,,,"JPL 332",2460600.5,60600,2024-10-17.0,J2000,0.4664,2.226,1.188,25.17,134.13,248.11,53.30,3.26,0.2968,2460420.93,2024-04-20.4,1.21e+03,3.32,0.356,139,2.65,3.38,1.1e-09,1.4e-09,2.3e-09,2.1e-07,2.2e-07,2.9e-07,6.8e-07,2.0e-09,2.8e-10,2.1e-06,1.1e-06,AMO,"Otto Matic",24942,1955-03-23,2023-07-06,1780,,,0,.50938,,,,,,,,,
"  8013 Gordonmoore (1990 KA)",,,20008013,8013,Gordonmoore,,Y,N,0,17.09,,,,,,,2.3,,,8.4,,,,,,,"JPL 190",2460600.5,60600,2024-10-17.0,J2000,0.4316,2.202,1.252,7.59,105.36,147.20,190.80,3.15,0.3016,2461161.53,2026-05-01.0,1.19e+03,3.27,0.249,97,1.92,3.53,2.8e-08,3.9e-09,6.2e-08,2.9e-06,3.5e-05,3.6e-05,1.0e-05,5.6e-09,8.1e-10,3.5e-05,3.2e-06,AMO,"Otto Matic",26418,1951-09-01,2023-12-30,811,,,0,.55962,,,,,,,,,
"  8014 (1990 MF)",,,20008014,8014,,,Y,Y,0,18.88,,,,,,,0.7,,,50.09,,,,,,,"JPL 178",2460600.5,60600,2024-10-17.0,J2000,0.4560,1.747,0.951,1.87,209.84,114.73,291.48,2.54,0.4268,2460761.05,2025-03-26.5,844,2.31,0.0169,6.57,2.81,4.01,8.1e-09,6.6e-09,1.4e-08,5.2e-07,5.7e-05,5.7e-05,3.6e-06,9.6e-09,2.4e-09,9.3e-06,4.8e-06,APO,"Otto Matic",12294,1990-06-14,2024-02-10,1272,9,12,0,.29211,,,,-2.2e-14,4.3e-15,,,,
"  8034 Akka (1992 LR)",,,20008034,8034,Akka,,Y,N,0,18.02,,,,,,,,,,7.283,,,,,,,"JPL 128",2460600.5,60600,2024-10-17.0,J2000,0.4090,1.83,1.082,2.02,232.82,68.19,5.05,2.58,0.3981,2460587.82,2024-10-04.3,904,2.48,0.0747,29.1,2.67,3.92,2.6e-08,4.2e-09,4.8e-08,3.1e-06,1.0e-04,1.0e-04,2.3e-05,6.0e-09,1.4e-09,5.9e-05,3.1e-06,AMO,"Otto Matic",11703,1992-05-21,2024-06-05,717,,,0,.53289,,,,,,,,,
"  8035 (1992 TB)",,,20008035,8035,,,Y,N,0,17.12,,,,,,,,,,,,,,,,,"JPL 230",2460600.5,60600,2024-10-17.0,J2000,0.4624,1.342,0.722,28.30,185.61,6.12,13.70,1.96,0.6339,2460578.89,2024-09-25.3,568,1.55,0.271,105,2.99,4.67,3.5e-09,5.5e-10,4.9e-09,2.4e-07,6.2e-07,8.0e-07,1.2e-06,8.0e-10,3.9e-10,1.8e-06,3.5e-07,APO,"Otto Matic",11389,1992-10-02,2023-12-08,1498,,,0,.59878,,,,,,,,,
"  8037 (1993 HO1)",,,20008037,8037,,,Y,N,0,16.63,,,,,,,,,,12.98,,,,,,,"JPL 367",2460600.5,60600,2024-10-17.0,J2000,0.4174,1.987,1.157,5.91,22.38,105.73,131.38,2.82,0.3519,2460227.19,2023-10-09.6,1.02e+03,2.8,0.203,78.9,2.29,3.74,6.8e-09,1.8e-09,1.3e-08,2.2e-07,9.6e-07,8.2e-07,9.0e-07,2.5e-09,4.7e-10,2.2e-06,1.4e-06,AMO,"Otto Matic",15911,1979-03-08,2022-09-29,1908,,,0,.48906,,,,,,,,,
"  8176 (1991 WA)",Q,,20008176,8176,,,Y,N,0,17.02,,,,,,,,,,7.111,,,,,,,"JPL 162",2460600.5,60600,2024-10-17.0,J2000,0.6432,1.575,0.562,39.59,66.51,241.88,260.84,2.59,0.4987,2460799.33,2025-05-03.8,722,1.98,0.193,75.1,3.22,3.95,2.2e-09,2.7e-10,3.5e-09,3.1e-07,3.6e-07,3.7e-07,4.9e-07,4.5e-10,1.3e-10,1.0e-06,1.9e-07,APO,"Otto Matic",11725,1991-12-01,2024-01-07,951,,,0,.64143,,,,,,,,,
"  8201 (1994 AH2)",O,,20008201,8201,,,Y,N,0,15.95,,,,,,,1.859,,0.154,23.949,,,,,,0.18,"JPL 155",2460600.5,60600,2024-10-17.0,J2000,0.7061,2.539,0.746,9.54,164.09,25.13,199.52,4.33,0.2436,2461259.21,2026-08-06.7,1.48e+03,4.05,0.1,39,0.659,3.02,2.7e-08,5.0e-09,7.0e-08,3.8e-06,3.1e-05,3.1e-05,9.8e-06,8.6e-09,7.2e-10,4.2e-05,4.4e-06,APO,"Otto Matic",15639,1981-12-16,2024-10-10,908,0,1,0,.5421,,,,,,,,,
"  8507 (1991 CB1)",,,20008507,8507,,,Y,N,0,17.21,,,,,,,,,,,,,,,,,"JPL 132",2460600.5,60600,2024-10-17.0,J2000,0.5944,1.687,0.684,14.58,317.41,345.77,9.42,2.69,0.4497,2460579.56,2024-09-26.0,800,2.19,0.22,85.5,2.59,3.97,4.1e-08,5.0e-09,7.0e-08,5.2e-06,1.5e-05,1.7e-05,1.2e-05,7.9e-09,2.0e-09,2.6e-05,3.5e-06,APO,"Otto Matic",12132,1991-02-15,2024-05-04,617,,,0,.55678,,,,,,,,,
"  8566 (1996 EN)",U,,20008566,8566,,,Y,Y,0,16.48,,,,,,,1.568,,0.217,4.845,,,,,,0.26,"JPL 288",2460600.5,60600,2024-10-17.0,J2000,0.4302,1.506,0.858,37.97,164.12,125.13,90.11,2.15,0.5331,2460431.47,2024-04-30.9,675,1.85,0.0214,8.33,3.48,4.22,3.2e-09,8.9e-10,5.2e-09,2.9e-07,3.9e-07,6.6e-07,6.2e-07,1.3e-09,4.7e-10,1.1e-06,6.0e-07,APO,"Otto Matic",14969,1983-04-06,2024-03-30,3627,,,0,.37277,,,,,,,,,
"  8567 (1996 HW1)",,,20008567,8567,,,Y,N,0,15.36,,,,,,,2.928,,0.156,8.7573,,,,,,0.07,"JPL 595",2460600.5,60600,2024-10-17.0,J2000,0.4493,2.045,1.126,8.45,177.10,177.30,179.54,2.96,0.337,2460067.69,2023-05-03.1,1.07e+03,2.92,0.121,47.3,2.48,3.65,1.0e-09,2.7e-10,2.1e-09,6.7e-08,6.5e-07,6.2e-07,4.2e-07,3.9e-10,6.7e-11,1.1e-06,2.1e-07,AMO,"Otto Matic",25160,1955-05-23,2024-04-10,5424,6,6,0,.36609,,,,,,,,,
"  8709 Kadlu (1994 JF1)",,,20008709,8709,Kadlu,,Y,N,0,17.07,,,,,,,,,,50.6,,,,,,,"JPL 72",2460600.5,60600,2024-10-17.0,J2000,0.4925,2.526,1.282,3.53,118.97,153.85,182.31,3.77,0.2455,2461324.20,2026-10-10.7,1.47e+03,4.01,0.268,104,1.37,3.27,9.2e-08,1.6e-08,2.4e-07,4.2e-06,9.3e-05,9.6e-05,3.5e-05,2.3e-08,2.3e-09,1.5e-04,1.4e-05,AMO,"Otto Matic",12111,1990-09-23,2023-11-20,552,,,0,.57207,,,,,,,,,
"  9058 (1992 JB)",,,20009058,9058,,,Y,N,0,17.92,,,,,,,,,,,,,,,,,"JPL 178",2460600.5,60600,2024-10-17.0,J2000,0.3596,1.557,0.997,16.09,218.30,307.06,284.90,2.12,0.5074,2460748.50,2025-03-13.9,709,1.94,0.0865,33.7,2.95,4.32,6.6e-08,2.0e-09,1.0e-07,7.0e-06,8.8e-06,1.2e-05,9.1e-06,2.8e-09,9.9e-10,1.8e-05,1.4e-06,APO,"Otto Matic",11956,1992-01-09,2024-10-03,930,,,0,.52407,,,,,,,,,
"  9162 Kwiila (1987 OA)",,,20009162,9162,Kwiila,,Y,N,0,18.02,,,,,,,1.127,,0.088,15.13,,,,,,0.23,"JPL 155",2460600.5,60600,2024-10-17.0,J2000,0.5956,1.497,0.605,9.01,179.99,235.83,77.31,2.39,0.5383,2460456.89,2024-05-26.3,669,1.83,0.0809,31.5,3.03,4.33,2.6e-08,1.1e-09,3.9e-08,3.4e-06,1.9e-05,1.8e-05,4.2e-06,1.7e-09,5.8e-10,7.7e-06,7.3e-07,APO,"Otto Matic",13109,1987-07-18,2023-06-08,776,,,0,.48003,,,,,,,,,
"  9172 Abhramu (1989 OB)",,,20009172,9172,Abhramu,,Y,N,0,16.64,,,,,,,,,,,,,,,,,"JPL 92",2460600.5,60600,2024-10-17.0,J2000,0.5527,2.709,1.212,7.84,287.57,74.17,318.40,4.21,0.221,2460788.75,2025-04-23.2,1.63e+03,4.46,0.252,98.1,1.45,3.11,4.4e-08,4.4e-09,1.2e-07,6.5e-06,4.5e-05,4.6e-05,6.3e-06,6.8e-09,5.3e-10,2.9e-05,3.9e-06,AMO,"Otto Matic",12758,1989-07-07,2024-06-11,406,,,0,.62736,,,,,,,,,
"  9202 (1993 PB)",,,20009202,9202,,,Y,N,0,16.11,,,,,,,1.617,,0.332,,,,,,,0.04,"JPL 191",2460600.5,60600,2024-10-17.0,J2000,0.6078,1.424,0.558,40.80,315.89,212.36,225.05,2.29,0.5802,2460833.11,2025-06-06.6,621,1.7,0.372,145,2.92,4.28,9.1e-10,5.2e-10,1.4e-09,1.3e-07,1.2e-07,1.7e-07,1.1e-06,8.3e-10,3.2e-10,2.0e-06,3.4e-07,APO,"Otto Matic",11386,1993-08-13,2024-10-15,2158,,,0,.39572,,,,,,,,,
"  9400 (1994 TW1)",Sr,,20009400,9400,,,Y,N,0,14.84,,,,,,,3.698,,0.155,97.1,,,,,,0.06,"JPL 325",2460600.5,60600,2024-10-17.0,J2000,0.5809,2.587,1.084,36.00,3.36,62.14,51.21,4.09,0.2368,2460384.26,2024-03-14.7,1.52e+03,4.16,0.284,111,2.48,2.94,6.0e-10,5.2e-10,1.7e-09,1.4e-07,1.0e-07,1.0e-07,2.1e-07,8.1e-10,7.1e-11,8.4e-07,4.5e-07,AMO,"Otto Matic",12088,1991-03-18,2024-04-21,2267,,,0,.48154,,,,,,,,,
"  9856 (1991 EE)",,,20009856,9856,,,Y,Y,0,17.11,,,,,,,1.0,,0.3,3.045,,,,,,,"JPL 194",2460600.5,60600,2024-10-17.0,J2000,0.6258,2.242,0.839,9.83,168.11,116.18,314.61,3.65,0.2935,2460755.13,2025-03-20.6,1.23e+03,3.36,0.0224,8.72,1.68,3.33,1.2e-08,1.6e-09,2.8e-08,4.5e-06,1.9e-05,2.0e-05,3.1e-06,2.6e-09,3.2e-10,1.1e-05,1.3e-06,APO,"Otto Matic",11992,1991-03-13,2024-01-11,1308,3,1,0,.36141,,,,,,,,,
"  9950 ESA (1990 VB)",,,20009950,9950,ESA,,Y,N,0,16.21,,,,,,,,,,6.712,,,,,,,"JPL 184",2460600.5,60600,2024-10-17.0,J2000,0.5327,2.438,1.140,14.60,253.45,103.60,331.06,3.74,0.2588,2460712.30,2025-02-05.7,1.39e+03,3.81,0.281,109,2.1,3.25,3.2e-08,9.4e-09,7.8e-08,5.2e-06,1.4e-05,1.5e-05,7.6e-06,1.4e-08,1.5e-09,3.0e-05,8.0e-06,AMO,"Otto Matic",12269,1990-11-08,2024-06-11,803,,,0,.44702,,,,,,,,,
" 10115 (1992 SK)",S:,,20010115,10115,,,Y,Y,0,17.10,,,,,,,0.938,,0.318,7.319,,,,,,0.29,"JPL 350",2460600.5,60600,2024-10-17.0,J2000,0.3250,1.249,0.843,15.32,8.89,233.69,84.54,1.65,0.7065,2460480.83,2024-06-19.3,510,1.4,0.0444,17.3,3.4,5.06,2.3e-09,7.7e-10,3.2e-09,1.4e-07,5.9e-07,9.8e-07,1.1e-06,1.0e-09,6.5e-10,1.5e-06,4.7e-07,APO,"Otto Matic",25932,1953-10-12,2024-10-11,2201,10,7,0,.53771,,,,-8.4e-15,1.1e-15,,,,
" 10145 (1994 CK1)",,,20010145,10145,,,Y,N,0,17.00,,,,,,,,,,49.2892,,,,,,,"JPL 164",2460600.5,60600,2024-10-17.0,J2000,0.6326,1.901,0.698,4.55,328.38,27.45,348.39,3.10,0.376,2460631.37,2024-11-16.8,957,2.62,0.0625,24.3,2.35,3.67,2.8e-08,5.8e-09,5.4e-08,4.1e-06,4.7e-05,4.7e-05,7.2e-06,9.5e-09,1.7e-09,1.9e-05,4.4e-06,APO,"Otto Matic",11076,1994-02-10,2024-06-08,1377,,,0,.39473,,,,,,,,,
" 10150 (1994 PN)",,,20010150,10150,,,Y,N,0,15.47,,,,,,,,,,2.965,,,,,,,"JPL 217",2460600.5,60600,2024-10-17.0,J2000,0.5440,2.375,1.083,45.95,112.97,234.04,67.70,3.67,0.2693,2460349.13,2024-02-08.6,1.34e+03,3.66,0.227,88.2,2.44,2.98,2.2e-09,8.8e-09,2.8e-09,2.5e-07,1.8e-07,3.3e-07,4.4e-06,1.4e-08,1.5e-09,1.5e-05,7.5e-06,AMO,"Otto Matic",11015,1994-08-07,2024-10-03,1171,,,0,.55938,,,,,,,,,
" 10165 (1995 BL2)",L,,20010165,10165,,,Y,N,0,17.37,,,,,,,0.829,,0.372,,,,,,,0.22,"JPL 208",2460600.5,60600,2024-10-17.0,J2000,0.5037,1.235,0.613,23.90,312.42,348.46,91.71,1.86,0.7184,2460472.84,2024-06-11.3,501,1.37,0.376,146,3.41,4.98,3.5e-09,5.4e-10,4.4e-09,2.0e-07,3.2e-07,2.7e-07,1.2e-06,8.2e-10,4.7e-10,1.6e-06,3.3e-07,APO,"Otto Matic",12287,1991-02-22,2024-10-13,1197,,,0,.59137,,,,,,,,,
" 10302 (1989 ML)",X,,20010302,10302,,,Y,N,0,19.45,,,,,,,,,,19.164,,,,,,,"JPL 199",2460600.5,60600,2024-10-17.0,J2000,0.1370,1.273,1.098,4.38,104.27,183.65,206.92,1.45,0.6864,2460823.51,2025-05-28.0,524,1.44,0.0829,32.3,3.64,5.07,1.5e-08,3.4e-09,2.0e-08,6.5e-07,1.2e-06,8.5e-06,5.0e-06,3.9e-09,2.8e-09,6.6e-06,2.1e-06,AMO,"Otto Matic",12250,1989-06-06,2022-12-20,1230,,,0,.47105,,,,4.4e-14,5.5e-15,,,,
" 10563 Izhdubar (1993 WD)",Q,,20010563,10563,Izhdubar,,Y,N,0,16.94,,,,,,,,,,,,,,,,,"JPL 88",2460600.5,60600,2024-10-17.0,J2000,0.2662,1.007,0.739,63.47,56.56,132.20,106.82,1.27,0.9756,2460491.01,2024-06-29.5,369,1.01,0.145,56.5,3.82,5.55,2.0e-09,3.8e-10,2.1e-09,4.1e-07,3.5e-07,1.2e-06,1.5e-06,4.8e-10,5.5e-10,1.5e-06,2.1e-07,APO,"Otto Matic",11187,1991-11-13,2022-06-30,659,,,0,.63392,,,,-6.3e-15,1.0e-15,,,,
" 10636 (1998 QK56)",,,20010636,10636,,,Y,N,0,17.70,,,,,,,0.533,,0.645,9.876,,,,,,0.07,"JPL 141",2460600.5,60600,2024-10-17.0,J2000,0.5129,1.884,0.918,13.58,172.93,286.31,359.24,2.85,0.381,2460602.50,2024-10-19.0,945,2.59,0.112,43.4,2.5,3.77,1.2e-08,3.5e-09,2.2e-08,5.1e-06,8.5e-06,8.6e-06,3.5e-06,5.3e-09,1.1e-09,9.1e-06,2.6e-06,APO,"Otto Matic",25325,1955-05-16,2024-09-15,814,1,0,0,.42324,,,,,,,,,
" 10860 (1995 LE)",,,20010860,10860,,,Y,N,0,16.99,,,,,,,,,,,,,,,,,"JPL 127",2460600.5,60600,2024-10-17.0,J2000,0.5740,2.578,1.098,4.15,257.19,75.53,16.39,4.06,0.2382,2460531.69,2024-08-09.1,1.51e+03,4.14,0.114,44.3,1.39,3.17,2.1e-08,3.5e-09,5.4e-08,2.8e-06,4.6e-05,4.7e-05,2.4e-06,5.5e-09,4.9e-10,1.0e-05,3.1e-06,AMO,"Otto Matic",10727,1995-06-03,2024-10-15,809,,,0,.43438,,,,,,,,,
" 11054 (1991 FA)",,,20011054,11054,,,Y,N,0,17.07,,,,,,,,,,2.57223,,,,,,,"JPL 279",2460600.5,60600,2024-10-17.0,J2000,0.4467,1.979,1.095,3.08,339.05,92.34,74.07,2.86,0.354,2460391.28,2024-03-21.7,1.02e+03,2.78,0.123,47.9,2.47,3.73,4.0e-09,2.2e-09,7.9e-09,3.6e-07,3.0e-06,2.8e-06,2.0e-06,3.2e-09,6.0e-10,5.4e-06,1.7e-06,AMO,"Otto Matic",31416,1937-11-28,2023-12-03,1431,,,0,.49425,,,,-1.0e-14,2.9e-15,,,,
" 11066 Sigurd (1992 CC1)",K,,20011066,11066,Sigurd,,Y,N,0,15.23,,,,,,,2.104,,0.190,8.4958,,,,,,0.09,"JPL 378",2460600.5,60600,2024-10-17.0,J2000,0.3754,1.392,0.869,36.88,349.22,22.03,75.15,1.91,0.6004,2460475.33,2024-06-13.8,600,1.64,0.118,46,3.58,4.51,5.8e-10,4.6e-10,9.8e-10,5.8e-08,7.3e-08,1.3e-07,4.6e-07,6.3e-10,3.0e-10,7.1e-07,3.0e-07,APO,"Otto Matic",17210,1976-04-01,2023-05-15,2202,4,1,0,.46012,,,,-4.5e-15,9.6e-16,,,,
" 11284 Belenus (1990 BA)",,,20011284,11284,Belenus,,Y,N,0,18.26,,,,,,,,,,5.43,,,,,,,"JPL 167",2460600.5,60600,2024-10-17.0,J2000,0.3373,1.74,1.153,1.99,311.71,171.13,44.40,2.33,0.4294,2460497.10,2024-07-05.5,838,2.3,0.17,66.2,2.77,4.08,2.3e-08,2.7e-09,4.0e-08,2.8e-06,8.4e-05,8.4e-05,8.3e-06,3.6e-09,9.9e-10,1.9e-05,1.9e-06,AMO,"Otto Matic",26602,1950-12-09,2023-10-09,783,,,0,.49152,,,,,,,,,
" 11311 Peleus (1993 XN2)",Sq,,20011311,11311,Peleus,,Y,N,0,15.85,,,,,,,,,,,,,,,,,"JPL 185",2460600.5,60600,2024-10-17.0,J2000,0.5359,2.117,0.983,25.49,59.32,313.45,26.51,3.25,0.32,2460517.66,2024-07-26.1,1.13e+03,3.08,0.0954,37.1,2.47,3.43,1.3e-08,2.7e-09,2.7e-08,1.7e-07,1.2e-06,2.0e-06,2.9e-06,4.1e-09,6.1e-10,8.9e-06,2.1e-06,APO,"Otto Matic",11265,1993-12-10,2024-10-13,883,,,0,.57708,,,,,,,,,
" 11398 (1998 YP11)",Sr,,20011398,11398,,,Y,N,0,16.38,,,,,,,1.316,,0.318,38.6,,,,,,0.35,"JPL 493",2460600.5,60600,2024-10-17.0,J2000,0.3895,1.721,1.050,15.02,144.74,74.76,107.00,2.39,0.4367,2460355.49,2024-02-14.9,824,2.26,0.204,79.2,2.69,4.05,4.8e-10,1.5e-09,1.1e-09,6.4e-08,1.5e-07,1.7e-07,9.9e-07,2.1e-09,5.8e-10,2.0e-06,1.1e-06,AMO,"Otto Matic",15255,1983-01-05,2024-10-11,3671,,,0,.42739,,,,-1.3e-14,3.9e-15,,,,
" 11405 (1999 CV3)",Sq,,20011405,11405,,,Y,N,0,15.26,,,,,,,3.621,,0.112,6.504,,,,,,0.06,"JPL 662",2460600.5,60600,2024-10-17.0,J2000,0.3939,1.46,0.885,22.86,141.25,96.40,153.90,2.03,0.5589,2460325.15,2024-01-15.6,644,1.76,0.119,46.1,3.2,4.46,1.5e-09,3.4e-10,2.4e-09,4.6e-08,1.7e-07,2.5e-07,7.8e-07,4.8e-10,2.0e-10,1.3e-06,2.3e-07,APO,"Otto Matic",16789,1978-10-25,2024-10-12,6893,,,0,.35468,,,,,,,,,
" 11500 Tomaiyowit (1989 UR)",S,,20011500,11500,Tomaiyowit,,Y,Y,0,18.37,,,,,,,0.738,,0.142,73,,,,,,0.01,"JPL 213",2460600.5,60600,2024-10-17.0,J2000,0.3558,1.08,0.696,10.31,234.39,289.52,323.61,1.46,0.8783,2460641.94,2024-11-27.4,410,1.12,0.0345,13.4,3.55,5.66,3.6e-08,6.6e-10,3.9e-08,3.3e-06,1.1e-05,1.2e-05,6.5e-06,9.0e-10,8.1e-10,7.4e-06,3.8e-07,APO,"Otto Matic",10889,1989-10-25,2019-08-18,1243,0,1,0,.41856,,,,,,,,,
" 11885 Summanus (1990 SS)",,,20011885,11885,Summanus,,Y,N,0,18.52,,,,,,,1.298,,0.033,7.368,,,,,,0.45,"JPL 82",2460600.5,60600,2024-10-17.0,J2000,0.4744,1.703,0.895,19.43,359.78,116.20,59.35,2.51,0.4434,2460466.64,2024-06-05.1,812,2.22,0.0686,26.7,2.77,4,3.6e-08,1.9e-09,6.1e-08,1.1e-05,9.2e-06,1.1e-05,6.4e-06,2.7e-09,7.2e-10,1.4e-05,1.3e-06,APO,"Otto Matic",12032,1990-09-25,2023-09-04,397,,,0,.48297,,,,,,,,,
" 12538 (1998 OH)",S:,,20012538,12538,,,Y,Y,0,15.97,,,,,,,1.663,,0.232,2.575,,,,,,0.33,"JPL 595",2460600.5,60600,2024-10-17.0,J2000,0.4058,1.542,0.916,24.54,220.69,321.79,317.04,2.17,0.5149,2460683.93,2025-01-08.4,699,1.91,0.0269,10.5,2.9,4.28,4.7e-10,2.7e-10,7.4e-10,1.5e-07,1.2e-07,1.9e-07,1.8e-07,3.8e-10,1.4e-10,3.7e-07,1.8e-07,APO,"Otto Matic",12059,1991-10-10,2024-10-15,11322,0,1,0,.24339,,,,,,,,,
" 12711 Tukmit (1991 BB)",Sr,,20012711,12711,Tukmit,,Y,N,0,16.04,,,,,,,,,,3.4848,,,,,,,"JPL 413",2460600.5,60600,2024-10-17.0,J2000,0.2722,1.186,0.863,38.49,294.96,322.88,291.28,1.51,0.7629,2460690.59,2025-01-15.0,472,1.29,0.11,43,3.72,5.11,1.4e-09,2.9e-10,1.8e-09,7.1e-08,1.5e-07,2.7e-07,9.2e-07,3.7e-10,2.8e-10,1.2e-06,1.7e-07,APO,"Otto Matic",11750,1991-01-12,2023-03-15,3271,0,3,0,.43152,,,,,,,,,
" 12923 Zephyr (1999 GK4)",S:,,20012923,12923,Zephyr,,Y,Y,0,15.81,,,,,,,2.060,,0.199,3.893,,,,,,0.01,"JPL 452",2460600.5,60600,2024-10-17.0,J2000,0.4918,1.963,0.998,5.30,168.17,147.13,51.56,2.93,0.3584,2460456.63,2024-05-26.1,1e+03,2.75,0.0218,8.47,2.4,3.72,2.0e-08,2.4e-09,3.9e-08,2.9e-06,2.7e-05,2.7e-05,2.7e-06,3.5e-09,6.5e-10,7.5e-06,1.8e-06,APO,"Otto Matic",25380,1955-04-21,2024-10-15,2650,,,0,.42223,,,,,,,,,
" 13553 Masaakikoyama (1992 JE)",,,20013553,13553,Masaakikoyama,,Y,N,0,16.54,,,,,,,,,,58.,,,,,,,"JPL 361",2460600.5,60600,2024-10-17.0,J2000,0.4637,2.189,1.174,5.88,193.46,109.95,333.19,3.20,0.3042,2460688.63,2025-01-13.1,1.18e+03,3.24,0.19,74.1,2.1,3.52,3.2e-09,9.3e-10,6.8e-09,2.4e-07,1.9e-06,1.9e-06,5.7e-07,1.4e-09,1.9e-10,1.9e-06,7.5e-07,AMO,"Otto Matic",16407,1979-06-24,2024-05-25,2160,,,0,.43854,,,,,,,,,
" 13651 (1997 BR)",S,,20013651,13651,,,Y,Y,0,17.89,,,,,,,0.562,,0.511,33.644,,,,,,0.02,"JPL 171",2460600.5,60600,2024-10-17.0,J2000,0.3057,1.335,0.927,17.25,116.63,133.86,262.62,1.74,0.6386,2460752.98,2025-03-18.4,564,1.54,0.0139,5.4,3.36,4.82,2.6e-09,9.3e-10,4.0e-09,1.8e-07,5.0e-07,9.6e-07,2.0e-06,1.2e-09,6.7e-10,3.3e-06,5.9e-07,APO,"Otto Matic",15689,1980-02-09,2023-01-23,1094,0,2,0,.51314,,,,-7.7e-15,1.6e-15,,,,
" 14402 (1991 DB)",C,,20014402,14402,,,Y,N,0,18.77,,,,,,,0.6,,0.14,2.261,,,,,,,"JPL 105",2460600.5,60600,2024-10-17.0,J2000,0.4016,1.715,1.026,11.41,158.14,51.55,325.50,2.40,0.4389,2460679.11,2025-01-03.6,820,2.25,0.105,40.7,2.59,4.07,2.6e-08,9.3e-10,4.4e-08,4.7e-06,1.2e-05,1.4e-05,4.7e-06,1.3e-09,3.6e-10,1.1e-05,6.6e-07,AMO,"Otto Matic",11935,1991-02-13,2023-10-18,684,,,0,.47446,,,,,,,,,
" 14827 Hypnos (1986 JK)",,,20014827,14827,Hypnos,,Y,Y,0,18.78,,,,,,,0.9,,,,,0.684,0.492,,,,"JPL 89",2460600.5,60600,2024-10-17.0,J2000,0.6649,2.841,0.952,1.98,57.93,238.19,21.63,4.73,0.2058,2460495.41,2024-07-03.9,1.75e+03,4.79,0.0153,5.95,0.524,2.94,1.4e-08,5.1e-09,4.1e-08,5.2e-06,6.4e-05,6.5e-05,9.5e-07,8.5e-09,5.5e-10,4.5e-06,4.7e-06,APO,"Otto Matic",14040,1986-05-04,2024-10-11,331,0,11,0,.45547,,,,,,,,,
" 15745 Yuliya (1991 PM5)",S,,20015745,15745,Yuliya,,Y,N,1,17.41,,,,,,,,,,3.2486,,,,,,,"JPL 253",2460600.5,60600,2024-10-17.0,J2000,0.2555,1.72,1.280,14.43,132.58,140.66,284.35,2.16,0.4371,2460773.56,2025-04-08.0,824,2.25,0.296,115,3.01,4.1,1.5e-09,1.1e-09,2.9e-09,6.7e-08,9.8e-07,7.9e-07,8.8e-07,1.4e-09,4.3e-10,2.2e-06,8.2e-07,AMO,"Otto Matic",15145,1982-07-27,2024-01-13,1631,,,0,.5443,,,,,,,,,
" 15817 Lucianotesi (1994 QC)",Xc,,20015817,15817,Lucianotesi,,Y,N,0,18.47,,,,,,,,,,11,,,,,,,"JPL 194",2460600.5,60600,2024-10-17.0,J2000,0.1182,1.324,1.168,13.87,162.47,94.29,340.12,1.48,0.6466,2460631.24,2024-11-16.7,557,1.52,0.249,96.8,3.56,4.9,1.5e-08,1.9e-09,1.8e-08,3.6e-07,1.4e-06,7.5e-06,8.2e-06,2.1e-09,1.4e-09,1.3e-05,1.2e-06,AMO,"Otto Matic",10731,1994-08-29,2024-01-15,1939,,,0,.37519,,,,-3.0e-14,3.8e-15,,,,
" 16064 Davidharvey (1999 RH27)",C,,20016064,16064,Davidharvey,,Y,N,0,16.86,,,,,,,4.106,,0.020,178.5,,,,,,0.59,"JPL 106",2460600.5,60600,2024-10-17.0,J2000,0.5894,2.849,1.170,4.54,335.55,104.75,43.97,4.53,0.2049,2460385.93,2024-03-16.4,1.76e+03,4.81,0.203,79.1,0.867,3.02,2.6e-08,1.1e-08,7.6e-08,3.6e-06,4.3e-05,4.4e-05,1.1e-05,1.7e-08,1.1e-09,5.1e-05,9.7e-06,AMO,"Otto Matic",10726,1994-09-01,2024-01-13,1054,,,0,.47781,,,,,,,,,
" 16636 (1993 QP)",,,20016636,16636,,,Y,N,0,18.78,,,,,,,,,,19.01,,,,,,,"JPL 153",2460600.5,60600,2024-10-17.0,J2000,0.4677,2.31,1.230,7.21,296.77,47.38,314.66,3.39,0.2807,2460762.04,2025-03-27.5,1.28e+03,3.51,0.241,93.8,2.08,3.42,3.3e-08,1.4e-09,7.6e-08,3.7e-06,2.1e-05,2.8e-05,6.4e-06,2.1e-09,2.6e-10,2.3e-05,1.2e-06,AMO,"Otto Matic",10363,1993-08-23,2022-01-06,986,,,0,.4371,,,,,,,,,
" 16657 (1993 UB)",Sr,,20016657,16657,,,Y,N,0,16.55,,,,,,,,,,,,,,,,,"JPL 146",2460600.5,60600,2024-10-17.0,J2000,0.4608,2.277,1.228,24.95,31.19,21.30,356.33,3.33,0.2868,2460613.29,2024-10-29.7,1.26e+03,3.44,0.253,98.6,2.18,3.35,3.9e-08,2.3e-09,8.9e-08,8.4e-06,9.8e-06,1.1e-05,3.8e-06,3.4e-09,4.4e-10,1.3e-05,1.9e-06,AMO,"Otto Matic",11315,1993-10-23,2024-10-15,718,,,0,.48418,,,,,,,,,
" 16816 (1997 UF9)",,,20016816,16816,,,Y,N,0,16.23,,,,,,,,,,2.449,,,,,,,"JPL 299",2460600.5,60600,2024-10-17.0,J2000,0.6038,1.442,0.571,25.92,37.14,158.01,95.46,2.31,0.5689,2460432.72,2024-05-02.2,633,1.73,0.38,148,2.68,4.36,2.1e-09,1.2e-09,2.8e-09,1.2e-07,2.2e-07,3.9e-07,2.0e-06,1.9e-09,6.9e-10,3.2e-06,7.7e-07,APO,"Otto Matic",9838,1997-10-29,2024-10-05,1741,,,0,.53012,,,,,,,,,
" 16834 (1997 WU22)",S,,20016834,16834,,,Y,N,0,15.80,,,,,,,1.87,,0.22,9.345,,,,,,,"JPL 584",2460600.5,60600,2024-10-17.0,J2000,0.4421,1.468,0.819,16.00,260.76,334.39,247.48,2.12,0.5541,2460803.57,2025-05-08.0,650,1.78,0.145,56.4,2.92,4.46,5.6e-10,1.5e-10,8.1e-10,5.5e-08,2.6e-07,3.1e-07,3.4e-07,2.2e-10,8.6e-11,6.5e-07,1.0e-07,APO,"Otto Matic",13143,1988-10-08,2024-10-02,3491,1,1,0,.45255,,,,,,,,,
" 16912 Rhiannon (1998 EP8)",,,20016912,16912,Rhiannon,,Y,N,0,17.91,,,,,,,,,,,,,,,,,"JPL 83",2460600.5,60600,2024-10-17.0,J2000,0.2726,1.751,1.274,24.52,169.17,221.25,284.67,2.23,0.4253,2460777.64,2025-04-12.1,847,2.32,0.322,125,3.31,3.99,5.7e-08,4.9e-09,9.9e-08,6.0e-06,1.3e-05,1.8e-05,2.1e-05,6.2e-09,1.8e-09,5.1e-05,3.5e-06,AMO,"Otto Matic",11627,1992-08-29,2024-06-29,301,,,0,.55645,,,,,,,,,
" 16960 (1998 QS52)",Sq,,20016960,16960,,,Y,Y,0,14.40,,,,,,,,,,2.8985,,,,,,,"JPL 416",2460600.5,60600,2024-10-17.0,J2000,0.8590,2.201,0.310,17.52,260.15,243.25,308.68,4.09,0.3019,2460770.48,2025-04-04.9,1.19e+03,3.26,0.0176,6.83,1.6,3,1.6e-09,1.3e-09,3.7e-09,1.4e-07,6.5e-07,5.6e-07,7.6e-07,2.5e-09,2.7e-10,2.7e-06,1.1e-06,APO,"Otto Matic",15099,1983-06-14,2024-10-15,2513,,,0,.45095,,,,,,,,,
" 17181 (1999 UM3)",,,20017181,17181,,,Y,N,0,16.77,,,,,,,,,,,,,,,,,"JPL 103",2460600.5,60600,2024-10-17.0,J2000,0.6740,2.37,0.773,10.65,113.56,36.78,275.92,3.97,0.2702,2460911.71,2025-08-24.2,1.33e+03,3.65,0.0713,27.8,1.13,3.18,4.8e-08,6.1e-09,1.1e-07,5.2e-06,2.9e-05,2.8e-05,3.5e-06,1.0e-08,1.0e-09,1.4e-05,5.1e-06,APO,"Otto Matic",25187,1955-10-24,2024-10-08,1156,,,0,.36788,,,,,,,,,
" 17182 (1999 VU)",,,20017182,17182,,,Y,N,0,17.14,,,,,,,2.885,,0.028,6.61,,,,,,0.20,"JPL 261",2460600.5,60600,2024-10-17.0,J2000,0.5533,1.387,0.620,9.26,333.48,203.23,25.70,2.15,0.6033,2460557.89,2024-09-04.3,597,1.63,0.144,55.9,2.82,4.6,4.8e-09,1.5e-09,6.2e-09,1.9e-07,7.4e-07,6.8e-07,2.2e-06,2.4e-09,9.9e-10,3.6e-06,9.8e-07,APO,"Otto Matic",16943,1977-07-18,2023-12-07,1422,,,0,.4975,,,,,,,,,
" 17188 (1999 WC2)",,,20017188,17188,,,Y,N,0,16.40,,,,,,,1.819,,0.147,5.0638,,,,,,0.23,"JPL 185",2460600.5,60600,2024-10-17.0,J2000,0.6369,2.216,0.805,29.45,269.76,287.25,172.44,3.63,0.2989,2460023.52,2023-03-20.0,1.2e+03,3.3,0.0644,25.1,2.39,3.23,2.4e-08,3.9e-09,5.5e-08,8.3e-06,9.0e-06,1.0e-05,3.4e-06,6.4e-09,7.9e-10,9.8e-06,3.2e-06,APO,"Otto Matic",12463,1990-07-27,2024-09-09,771,1,0,0,.39489,,,,,,,,,
" 17274 (2000 LC16)",Xk,,20017274,17274,,,Y,N,0,16.87,,,,,,,3.183,,0.037,16.495,,,,,,0.11,"JPL 232",2460600.5,60600,2024-10-17.0,J2000,0.5539,2.731,1.219,5.57,305.70,21.35,129.39,4.24,0.2183,2460007.91,2023-03-04.4,1.65e+03,4.51,0.21,81.6,1.14,3.11,1.9e-08,2.7e-09,5.2e-08,2.9e-06,2.2e-05,2.2e-05,2.3e-06,4.2e-09,3.2e-10,9.5e-06,2.4e-06,AMO,"Otto Matic",24909,1955-10-23,2024-01-03,1926,,,0,.34697,,,,,,,,,
" 17511 (1992 QN)",X,,20017511,17511,,,Y,N,0,17.32,,,,,,,,,,5.9902,,,,,,,"JPL 357",2460600.5,60600,2024-10-17.0,J2000,0.3587,1.19,0.763,9.58,355.89,202.44,10.89,1.62,0.7596,2460586.16,2024-10-02.6,474,1.3,0.132,51.2,3.35,5.25,1.8e-09,1.6e-09,1.6e-09,9.6e-08,3.7e-07,3.8e-07,3.0e-06,2.1e-09,1.5e-09,3.9e-06,9.3e-07,APO,"Otto Matic",11312,1992-08-29,2023-08-19,2776,0,1,0,.35565,,,,1.6e-14,2.6e-15,,,,
" 18106 Blume (2000 NX3)",,,20018106,18106,Blume,,Y,N,0,17.78,,,,,,,,,,,,,,,,,"JPL 86",2460600.5,60600,2024-10-17.0,J2000,0.5120,2.443,1.192,4.22,109.17,234.96,112.61,3.69,0.2581,2460164.26,2023-08-07.7,1.39e+03,3.82,0.195,75.8,1.73,3.3,2.0e-08,3.0e-09,4.8e-08,3.6e-06,4.7e-05,4.7e-05,5.5e-06,4.6e-09,4.8e-10,2.1e-05,2.6e-06,AMO,"Otto Matic",16923,1977-09-04,2024-01-04,582,,,0,.50307,,,,,,,,,
" 18109 (2000 NG11)",,,20018109,18109,,,Y,N,0,17.19,,,,,,,,,,4.25,,,,,,,"JPL 283",2460600.5,60600,2024-10-17.0,J2000,0.3679,1.881,1.189,0.81,59.54,319.26,117.48,2.57,0.3821,2460293.08,2023-12-14.5,942,2.58,0.191,74.2,2.89,3.88,2.6e-08,1.9e-09,4.9e-08,2.2e-06,1.7e-04,1.7e-04,2.8e-06,2.6e-09,5.9e-10,7.2e-06,1.4e-06,AMO,"Otto Matic",26450,1951-11-08,2024-04-08,1554,,,0,.43731,,,,,,,,,
" 18172 (2000 QL7)",,,20018172,18172,,,Y,N,0,15.69,,,,,,,,,,2.37512,,,,,,,"JPL 358",2460600.5,60600,2024-10-17.0,J2000,0.5111,2.425,1.186,17.83,338.45,100.71,102.38,3.67,0.2609,2460208.14,2023-09-20.6,1.38e+03,3.78,0.366,142,2.08,3.26,6.5e-09,1.3e-09,1.6e-08,4.9e-07,3.7e-07,1.0e-06,3.2e-07,2.0e-09,2.1e-10,9.9e-07,1.1e-06,AMO,"Otto Matic",17094,1977-07-21,2024-05-09,4564,,,0,.29961,,,,,,,,,
" 18736 (1998 NU)",Sk,,20018736,18736,,,Y,N,0,15.99,,,,,,,,,,2.4753,,,,,,,"JPL 301",2460600.5,60600,2024-10-17.0,J2000,0.4910,2.349,1.196,2.81,297.43,222.92,199.67,3.50,0.2737,2461186.32,2026-05-25.8,1.32e+03,3.6,0.21,81.7,1.51,3.38,2.5e-08,4.6e-09,6.0e-08,2.7e-06,5.5e-05,5.5e-05,2.2e-06,6.9e-09,8.0e-10,9.3e-06,3.9e-06,AMO,"Otto Matic",25703,1954-05-25,2024-10-07,1708,,,0,.35254,,,,,,,,,
" 18882 (1999 YN4)",S,,20018882,18882,,,Y,N,0,16.15,,,,,,,,,,2.466,,,,,,,"JPL 335",2460600.5,60600,2024-10-17.0,J2000,0.2320,1.685,1.294,36.81,291.67,242.69,49.89,2.08,0.4505,2460489.77,2024-06-28.2,799,2.19,0.432,168,3.23,3.97,1.7e-09,6.1e-10,2.6e-09,1.3e-07,1.6e-07,4.9e-07,8.3e-07,7.5e-10,2.4e-10,1.8e-06,4.3e-07,AMO,"Otto Matic",25685,1954-01-04,2024-05-01,3145,,,0,.39024,,,,,,,,,
" 19356 (1997 GH3)",S,,20019356,19356,,,Y,N,0,17.01,,,,,,,0.91,,0.34,6.714,,,,,,,"JPL 101",2460600.5,60600,2024-10-17.0,J2000,0.5576,2.512,1.111,3.01,186.48,334.13,354.22,3.91,0.2476,2460623.82,2024-11-09.3,1.45e+03,3.98,0.123,48,1.09,3.22,3.3e-08,1.2e-08,8.3e-08,5.6e-06,7.1e-05,7.1e-05,1.5e-05,1.9e-08,1.8e-09,6.2e-05,1.1e-05,AMO,"Otto Matic",10260,1992-11-02,2020-12-05,657,,,0,.56838,,,,,,,,,
" 19764 (2000 NF5)",,,20019764,19764,,,Y,N,0,16.11,,,,,,,1.572,,0.342,59.263,,,,,,0.07,"JPL 368",2460600.5,60600,2024-10-17.0,J2000,0.4428,2.235,1.245,1.33,281.40,9.75,106.69,3.22,0.295,2460238.87,2023-10-21.3,1.22e+03,3.34,0.23,89.3,1.98,3.5,2.5e-08,3.3e-09,5.7e-08,2.2e-06,1.5e-04,1.5e-04,4.1e-06,4.7e-09,6.5e-10,1.4e-05,2.7e-06,AMO,"Otto Matic",11973,1990-08-28,2023-06-09,3138,,,0,.33498,,,,,,,,,
" 20086 (1994 LW)",,,20020086,20086,,,Y,N,0,16.68,,,,,,,,,,,,,,,,,"JPL 89",2460600.5,60600,2024-10-17.0,J2000,0.6253,3.176,1.190,21.79,237.14,57.78,116.25,5.16,0.1741,2459932.77,2022-12-19.2,2.07e+03,5.66,0.31,121,1.15,2.77,3.9e-08,1.3e-08,1.2e-07,1.2e-05,1.5e-05,1.7e-05,4.9e-06,2.2e-08,1.1e-09,2.5e-05,1.3e-05,AMO,"Otto Matic",10789,1994-06-03,2023-12-17,538,,,0,.55673,,,,,,,,,
" 20236 (1998 BZ7)",,,20020236,20236,,,Y,N,0,17.70,,,,,,,,,,10.182,,,,,,,"JPL 50",2460600.5,60600,2024-10-17.0,J2000,0.5610,2.034,0.893,6.51,111.23,104.58,42.72,3.17,0.3399,2460474.80,2024-06-13.3,1.06e+03,2.9,0.0502,19.5,1.83,3.59,5.6e-08,3.6e-09,1.1e-07,6.5e-06,4.6e-05,4.7e-05,1.1e-05,5.6e-09,8.9e-10,3.3e-05,2.8e-06,APO,"Otto Matic",9724,1998-01-24,2024-09-08,352,,,0,.44275,,,,,,,,,
" 20255 (1998 FX2)",Sq,,20020255,20255,,,Y,N,0,18.45,,,,,,,,,,6.804,,,,,,,"JPL 48",2460600.5,60600,2024-10-17.0,J2000,0.4922,2.151,1.092,9.96,180.93,17.56,144.77,3.21,0.3125,2460137.19,2023-07-11.6,1.15e+03,3.15,0.103,40.1,1.75,3.52,2.5e-08,4.2e-09,5.3e-08,5.6e-06,1.1e-05,1.8e-05,1.2e-05,6.2e-09,9.1e-10,3.7e-05,3.4e-06,AMO,"Otto Matic",9044,1998-03-20,2022-12-23,676,,,0,.55867,,,,,,,,,
" 20425 (1998 VD35)",Sq,,20020425,20425,,,Y,Y,0,20.51,,,,,,,,,,,,,,,,,"JPL 31",2460600.5,60600,2024-10-17.0,J2000,0.4764,1.565,0.819,6.99,227.25,296.32,32.70,2.31,0.5035,2460535.55,2024-08-13.0,715,1.96,0.0029,1.13,2.71,4.28,1.3e-07,5.2e-08,1.9e-07,3.8e-05,1.4e-04,1.4e-04,2.3e-04,7.7e-08,2.5e-08,4.5e-04,3.6e-05,APO,"Otto Matic",2448,1998-11-15,2005-07-29,51,,,1,.62984,,,,,,,,,
" 20429 (1998 YN1)",,,20020429,20429,,,Y,N,0,17.73,,,,,,,,,,2.718,,,,,,,"JPL 115",2460600.5,60600,2024-10-17.0,J2000,0.4642,1.556,0.834,6.30,61.73,147.72,42.37,2.28,0.5078,2460517.06,2024-07-25.5,709,1.94,0.0563,21.9,2.68,4.31,4.7e-08,4.5e-09,7.4e-08,5.0e-06,3.0e-05,3.2e-05,2.8e-05,6.5e-09,2.2e-09,5.5e-05,3.0e-06,APO,"Otto Matic",9205,1998-12-16,2024-02-28,635,,,0,.57733,,,,,,,,,
" 20460 Robwhiteley (1999 LO28)",,,20020460,20460,Robwhiteley,,Y,N,0,15.42,,,,,,,2.716,,0.199,2.7209,,,,,,0.58,"JPL 364",2460600.5,60600,2024-10-17.0,J2000,0.4116,1.877,1.104,33.95,279.99,283.75,343.48,2.65,0.3833,2460643.60,2024-11-29.1,939,2.57,0.331,129,2.99,3.68,7.9e-10,1.1e-09,1.3e-09,9.5e-08,1.2e-07,1.7e-07,9.0e-07,1.5e-09,3.3e-10,2.4e-06,8.1e-07,AMO,"Otto Matic",25218,1954-12-30,2024-01-15,5418,,,0,.3198,,,,,,,,,
" 20790 (2000 SE45)",S,,20020790,20790,,,Y,N,0,16.64,,,,,,,,,,2.792,,,,,,,"JPL 166",2460600.5,60600,2024-10-17.0,J2000,0.5561,2.753,1.222,8.29,302.85,168.95,80.23,4.28,0.2158,2460228.71,2023-10-11.2,1.67e+03,4.57,0.241,93.8,0.877,3.09,2.7e-08,1.4e-08,7.4e-08,4.3e-06,3.2e-05,3.3e-05,1.2e-05,2.2e-08,1.7e-09,5.2e-05,1.3e-05,AMO,"Otto Matic",11747,1992-03-09,2024-05-07,936,,,0,.48367,,,,,,,,,
" 20826 (2000 UV13)",Sq,,20020826,20826,,,Y,N,0,13.85,,,,,,,3.687,,0.123,5.313,,,,,,0.31,"JPL 473",2460600.5,60600,2024-10-17.0,J2000,0.6362,2.418,0.880,31.92,347.28,198.70,93.36,3.96,0.2621,2460244.32,2023-10-26.8,1.37e+03,3.76,0.0896,34.9,1.2,3.04,3.9e-10,5.9e-10,9.4e-10,8.2e-08,1.7e-07,1.9e-07,3.0e-07,9.7e-10,9.6e-11,1.0e-06,5.1e-07,APO,"Otto Matic",25938,1953-10-01,2024-10-06,3687,,,0,.39361,,,,,,,,,
" 21088 Chelyabinsk (1992 BL2)",,,20021088,21088,Chelyabinsk,,Y,N,0,14.39,,,,,,,2.793,,0.206,11.23,,,,,,0.08,"JPL 792",2460600.5,60600,2024-10-17.0,J2000,0.2384,1.706,1.300,38.45,297.83,27.16,28.40,2.11,0.4421,2460536.27,2024-08-13.7,814,2.23,0.309,120,3.2,3.92,7.2e-10,4.3e-10,1.1e-09,4.8e-08,9.0e-08,3.0e-07,7.4e-07,5.3e-10,1.7e-10,1.7e-06,3.0e-07,AMO,"Otto Matic",12676,1990-01-30,2024-10-14,7215,,,0,.29986,,,,,,,,,
" 21277 (1996 TO5)",,,20021277,21277,,,Y,N,0,16.18,,,,,,,,,,7.7,,,,,,,"JPL 238",2460600.5,60600,2024-10-17.0,J2000,0.5204,2.378,1.141,20.95,167.35,250.16,206.86,3.62,0.2687,2461170.40,2026-05-09.9,1.34e+03,3.67,0.314,122,2.27,3.27,2.7e-08,6.9e-09,6.5e-08,5.4e-06,9.9e-06,1.2e-05,7.9e-06,1.1e-08,1.2e-09,3.1e-05,5.9e-06,AMO,"Otto Matic",12548,1990-02-04,2024-06-13,1023,,,0,.49544,,,,,,,,,
" 21374 (1997 WS22)",,,20021374,21374,,,Y,N,0,17.44,,,,,,,,,,3.405,,,,,,,"JPL 388",2460600.5,60600,2024-10-17.0,J2000,0.1207,1.269,1.116,23.98,59.19,197.28,89.26,1.42,0.6891,2460470.96,2024-06-09.4,522,1.43,0.111,43.1,3.59,5,1.7e-09,3.6e-10,2.2e-09,2.9e-07,2.4e-07,8.6e-07,1.6e-06,4.0e-10,2.9e-10,2.3e-06,2.2e-07,AMO,"Otto Matic",18265,1974-09-22,2024-09-24,2277,1,0,0,.4826,,,,,,,,,
" 22099 (2000 EX106)",S:,,20022099,22099,,,Y,N,0,18.09,,,,,,,0.524,,0.444,6.334,,,,,,0.11,"JPL 297",2460600.5,60600,2024-10-17.0,J2000,0.2762,1.104,0.799,9.85,136.43,186.56,320.17,1.41,0.8491,2460647.41,2024-12-02.9,424,1.16,0.167,65.1,3.88,5.58,2.9e-09,1.9e-09,2.8e-09,1.6e-07,8.5e-07,9.3e-07,5.4e-06,2.5e-09,2.2e-09,6.5e-06,1.1e-06,APO,"Otto Matic",11016,1994-01-30,2024-03-29,2341,,,0,.35555,,,,9.7e-15,3.2e-15,,,,
" 22753 (1998 WT)",,,20022753,22753,,,Y,Y,0,17.69,,,,,,,,,,10.24,,,,,,,"JPL 266",2460600.5,60600,2024-10-17.0,J2000,0.5699,1.219,0.524,3.20,307.36,324.80,165.33,1.91,0.7324,2460374.75,2024-03-05.2,492,1.35,0.0337,13.1,3.21,5.06,9.8e-09,4.5e-09,1.1e-08,2.9e-06,4.0e-05,4.0e-05,1.4e-05,7.1e-09,4.1e-09,1.8e-05,2.7e-06,APO,"Otto Matic",25194,1955-10-24,2024-10-15,1143,6,2,0,.48899,,,,-1.5e-14,5.3e-15,,,,
" 22771 (1999 CU3)",Sl,,20022771,22771,,,Y,N,0,16.96,,,,,,,,,,3.782,,,,,,,"JPL 471",2460600.5,60600,2024-10-17.0,J2000,0.5243,1.576,0.750,11.40,338.91,305.83,256.93,2.40,0.4982,2460807.40,2025-05-11.8,723,1.98,0.0635,24.7,2.84,4.22,1.2e-09,5.9e-10,1.6e-09,6.6e-08,1.7e-07,2.2e-07,3.9e-07,9.0e-10,2.8e-10,8.9e-07,4.0e-07,APO,"Otto Matic",9090,1999-02-10,2023-12-31,2684,5,1,0,.45192,,,,-3.5e-15,9.5e-16,,,,
" 23183 (2000 OY21)",,,20023183,23183,,,Y,N,0,16.06,,,,,,,1.098,,0.640,6.9809,,,,,,0.05,"JPL 278",2460600.5,60600,2024-10-17.0,J2000,0.4009,1.824,1.093,40.97,119.63,301.48,239.12,2.56,0.4,2460902.69,2025-08-15.1,900,2.46,0.258,100,3.06,3.67,1.7e-09,1.7e-09,3.7e-09,2.4e-07,2.1e-07,4.4e-07,2.0e-06,2.4e-09,5.7e-10,5.4e-06,1.3e-06,AMO,"Otto Matic",11037,1994-06-03,2024-08-21,1359,,,0,.42789,,,,,,,,,
" 23187 (2000 PN9)",,,20023187,23187,,,Y,Y,0,16.06,,,,,,,,,,2.5325,,,,,,,"JPL 401",2460600.5,60600,2024-10-17.0,J2000,0.5893,1.847,0.759,51.33,164.29,293.53,167.50,2.94,0.3926,2460173.89,2023-08-17.3,917,2.51,0.0124,4.81,3.08,3.42,1.1e-09,1.6e-10,2.1e-09,3.5e-07,7.8e-08,1.4e-07,2.6e-07,2.5e-10,5.1e-11,6.1e-07,1.2e-07,APO,"Otto Matic",12367,1990-08-02,2024-06-11,2257,6,2,0,.42291,,,,,,,,,
" 23548 (1994 EF2)",Q,,20023548,23548,,,Y,N,0,17.25,,,,,,,,,,,,,,,,,"JPL 76",2460600.5,60600,2024-10-17.0,J2000,0.5180,2.289,1.104,23.44,345.85,124.29,313.15,3.47,0.2846,2460765.14,2025-03-30.6,1.27e+03,3.46,0.242,94,2.02,3.31,9.8e-08,8.1e-09,2.3e-07,2.3e-05,1.4e-05,2.3e-05,1.4e-05,1.2e-08,1.5e-09,5.1e-05,6.7e-06,AMO,"Otto Matic",11166,1994-03-11,2024-10-05,291,,,0,.48805,,,,,,,,,
" 23606 (1996 AS1)",,,20023606,23606,,,Y,N,0,18.39,,,,,,,0.866,,0.123,,,,,,,0.01,"JPL 138",2460600.5,60600,2024-10-17.0,J2000,0.3611,1.75,1.118,14.36,296.61,357.59,350.36,2.38,0.4257,2460623.15,2024-11-08.6,846,2.32,0.103,40.1,2.83,4.02,2.9e-08,6.4e-09,5.0e-08,4.8e-06,8.8e-06,1.1e-05,3.7e-06,8.7e-09,2.3e-09,8.8e-06,4.6e-06,AMO,"Otto Matic",14140,1985-07-18,2024-04-04,746,,,0,.40161,,,,,,,,,
" 23714 (1998 EC3)",,,20023714,23714,,,Y,N,0,16.85,,,,,,,,,,,,,,,,,"JPL 179",2460600.5,60600,2024-10-17.0,J2000,0.5162,2.13,1.031,8.41,127.61,129.34,164.63,3.23,0.317,2460081.14,2023-05-16.6,1.14e+03,3.11,0.0819,31.9,1.89,3.53,6.6e-09,2.3e-09,1.5e-08,1.6e-07,2.3e-06,2.5e-06,1.6e-06,3.5e-09,5.1e-10,4.3e-06,1.8e-06,AMO,"Otto Matic",9413,1998-03-01,2023-12-08,1253,,,0,.55422,,,,,,,,,
" 24443 (2000 OG)",,,20024443,24443,,,Y,N,0,16.42,,,,,,,,,,4.069,,,,,,,"JPL 135",2460600.5,60600,2024-10-17.0,J2000,0.8224,2.311,0.410,25.74,178.08,231.22,307.38,4.21,0.2806,2460788.02,2025-04-22.5,1.28e+03,3.51,0.151,58.7,1.92,2.94,2.8e-08,5.6e-09,6.4e-08,7.7e-06,1.3e-05,1.2e-05,8.2e-06,1.0e-08,1.0e-09,3.0e-05,4.7e-06,APO,"Otto Matic",11315,1993-06-24,2024-06-16,625,,,0,.45444,,,,,,,,,
" 24445 (2000 PM8)",,,20024445,24445,,,Y,N,0,14.70,,,,,,,,,,6.811,,,,,,,"JPL 475",2460600.5,60600,2024-10-17.0,J2000,0.5459,2.211,1.004,23.78,203.16,219.08,119.45,3.42,0.2998,2460202.14,2023-09-14.6,1.2e+03,3.29,0.0816,31.8,2.19,3.35,1.1e-09,1.4e-09,2.3e-09,5.7e-08,2.0e-07,2.3e-07,8.7e-07,2.2e-09,2.9e-10,2.5e-06,1.1e-06,APO,"Otto Matic",12111,1991-04-10,2024-06-06,2315,,,0,.50936,,,,,,,,,
" 24475 (2000 VN2)",Sa,,20024475,24475,,,Y,N,0,16.40,,,,,,,,,,,,,,,,,"JPL 262",2460600.5,60600,2024-10-17.0,J2000,0.4415,1.975,1.103,14.63,76.40,32.69,213.81,2.85,0.3551,2461012.19,2025-12-02.6,1.01e+03,2.78,0.152,59.2,2.38,3.7,2.4e-09,1.9e-09,5.5e-09,1.2e-07,4.4e-07,6.7e-07,1.9e-06,2.8e-09,5.2e-10,5.9e-06,1.5e-06,AMO,"Otto Matic",8626,2000-11-01,2024-06-14,1369,,,0,.47595,,,,,,,,,
" 24761 Ahau (1993 BW2)",,,20024761,24761,Ahau,,Y,N,0,17.37,,,,,,,,,,,,,,,,,"JPL 223",2460600.5,60600,2024-10-17.0,J2000,0.3058,1.335,0.927,21.92,121.04,287.55,245.98,1.74,0.6391,2460778.91,2025-04-13.4,563,1.54,0.101,39.4,3.71,4.79,4.5e-09,5.8e-10,5.8e-09,2.2e-07,4.2e-07,6.8e-07,1.4e-06,7.6e-10,4.2e-10,2.3e-06,3.7e-07,APO,"Otto Matic",11481,1993-01-28,2024-07-05,1192,,,0,.59931,,,,,,,,,
" 25143 Itokawa (1998 SF36)",S(IV),,20025143,25143,Itokawa,,Y,Y,0,19.26,,,,,,,0.33,0.535x0.294x0.209,,12.132,2.1e-9,,,,,,"JPL 221",2460600.5,60600,2024-10-17.0,J2000,0.2803,1.324,0.953,1.62,69.08,162.82,142.57,1.70,0.6469,2460380.09,2024-03-10.5,557,1.52,0.0129,5.01,3.29,4.9,2.1e-09,4.2e-09,1.7e-09,2.7e-07,6.4e-06,6.4e-06,7.7e-06,5.3e-09,3.0e-09,1.1e-05,2.6e-06,APO,"Otto Matic",9514,1998-09-19,2024-10-06,971,19,18,0,.44814,,,,-2.8e-14,7.7e-15,,,,
" 25330 (1999 KV4)",B,,20025330,25330,,,Y,N,0,16.74,,,,,,,3.21,,0.052,4.919,,,,,,,"JPL 443",2460600.5,60600,2024-10-17.0,J2000,0.3708,1.541,0.969,14.33,50.52,86.10,129.11,2.11,0.5154,2460349.98,2024-02-09.4,699,1.91,0.174,67.6,3.03,4.36,9.5e-09,7.9e-10,1.5e-08,3.2e-06,5.8e-06,7.9e-06,3.0e-06,1.1e-09,4.0e-10,5.8e-06,5.4e-07,APO,"Otto Matic",16308,1979-11-16,2024-07-10,2741,,,0,.41242,,,,,,,,,
" 25916 (2001 CP44)",,,20025916,25916,,,Y,N,0,13.78,,,,,,,5.683,,0.177,4.6021,,,,,,0.03,"JPL 656",2460600.5,60600,2024-10-17.0,J2000,0.4991,2.559,1.282,15.76,94.64,199.69,186.18,3.84,0.2408,2461322.33,2026-10-08.8,1.49e+03,4.09,0.277,108,1.42,3.2,1.2e-09,3.6e-10,3.0e-09,7.4e-08,2.4e-07,2.8e-07,1.9e-07,5.4e-10,5.1e-11,9.3e-07,3.1e-07,AMO,"Otto Matic",18809,1973-04-10,2024-10-08,5624,,,0,.36252,,,,,,,,,
" 26166 (1995 QN3)",,,20026166,26166,,,Y,N,0,16.82,,,,,,,,,,,,,,,,,"JPL 97",2460600.5,60600,2024-10-17.0,J2000,0.6445,3.302,1.174,14.79,185.70,62.87,331.54,5.43,0.1642,2460773.81,2025-04-08.3,2.19e+03,6,0.273,106,0.742,2.75,7.7e-08,1.7e-08,2.6e-07,2.2e-05,3.4e-05,4.3e-05,1.5e-05,2.8e-08,1.3e-09,9.3e-05,1.7e-05,AMO,"Otto Matic",24177,1953-08-19,2019-10-29,385,,,0,.57066,,,,,,,,,
" 26310 (1998 TX6)",,,20026310,26310,,,Y,N,0,19.28,,,,,,,,,,,,,,,,,"JPL 80",2460600.5,60600,2024-10-17.0,J2000,0.4690,2.139,1.136,5.38,210.82,98.89,143.89,3.14,0.315,2460143.68,2023-07-18.1,1.14e+03,3.13,0.157,61.1,2.19,3.56,4.5e-08,4.2e-09,9.6e-08,4.3e-06,2.8e-05,3.3e-05,4.8e-06,6.2e-09,9.4e-10,1.6e-05,3.4e-06,AMO,"Otto Matic",26451,1951-07-08,2023-12-08,353,,,0,.5199,,,,,,,,,
" 26379 (1999 HZ1)",,,20026379,26379,,,Y,N,0,18.20,,,,,,,,,,,,,,,,,"JPL 26",2460600.5,60600,2024-10-17.0,J2000,0.5763,1.606,0.681,8.68,252.10,200.60,239.86,2.53,0.4842,2460848.61,2025-06-22.1,743,2.04,0.131,50.9,2.71,4.14,2.3e-07,2.7e-08,3.8e-07,2.4e-05,1.7e-04,1.8e-04,9.1e-05,4.2e-08,1.2e-08,1.9e-04,1.8e-05,APO,"Otto Matic",8407,1992-08-27,2015-09-03,73,,,0,.6819,,,,,,,,,
" 26663 (2000 XK47)",,,20026663,26663,,,Y,Y,0,18.17,,,,,,,,,,2.572,,,,,,,"JPL 137",2460600.5,60600,2024-10-17.0,J2000,0.4717,1.546,0.817,13.53,303.59,231.23,108.78,2.28,0.5127,2460388.33,2024-03-18.8,702,1.92,0.0342,13.3,2.78,4.3,2.7e-08,1.7e-09,4.1e-08,3.5e-06,7.1e-06,9.8e-06,7.9e-06,2.4e-09,8.2e-10,1.5e-05,1.1e-06,APO,"Otto Matic",18282,1974-07-12,2024-07-31,637,2,2,0,.44436,,,,,,,,,
" 26760 (2001 KP41)",,,20026760,26760,,,Y,N,0,15.50,,,,,,,5.400,,0.042,5.3,,,,,,0.37,"JPL 234",2460600.5,60600,2024-10-17.0,J2000,0.5571,2.853,1.264,11.02,146.26,155.16,289.19,4.44,0.2045,2460946.78,2025-09-28.2,1.76e+03,4.82,0.261,102,0.929,3.03,4.4e-09,5.5e-09,1.1e-08,2.9e-07,1.3e-06,2.9e-06,5.1e-06,8.6e-09,5.9e-10,2.6e-05,5.1e-06,AMO,"Otto Matic",10187,1996-03-25,2024-02-14,1647,,,0,.49209,,,,,,,,,
" 26817 (1987 QB)",,,20026817,26817,,,Y,N,0,19.49,,,,,,,1.172,,0.027,,,,,,,0.61,"JPL 38",2460600.5,60600,2024-10-17.0,J2000,0.5938,2.804,1.139,3.50,153.19,156.55,336.97,4.47,0.2099,2460710.23,2025-02-03.7,1.72e+03,4.7,0.128,49.7,0.848,3.04,4.2e-08,4.4e-08,1.1e-07,7.4e-06,1.3e-04,1.4e-04,4.7e-05,7.0e-08,4.9e-09,2.2e-04,4.0e-05,AMO,"Otto Matic",12226,1987-05-31,2020-11-19,108,,,0,.54908,,,,,,,,,
" 27002 (1998 DV9)",,,20027002,27002,,,Y,Y,0,18.31,,,,,,,,,,,,,,,,,"JPL 109",2460600.5,60600,2024-10-17.0,J2000,0.4333,1.744,0.988,8.70,130.34,0.82,203.62,2.50,0.428,2460965.86,2025-10-17.3,841,2.3,0.00429,1.67,2.57,4.01,3.0e-08,4.0e-09,5.3e-08,3.7e-06,2.6e-05,2.6e-05,1.4e-05,5.8e-09,1.5e-09,3.4e-05,2.9e-06,APO,"Otto Matic",9663,1998-02-23,2024-08-08,519,,,0,.58074,,,,,,,,,
" 27031 (1998 RO4)",,,20027031,27031,,,Y,N,0,17.88,,,,,,,,,,,,,,,,,"JPL 187",2460600.5,60600,2024-10-17.0,J2000,0.4256,2.139,1.229,5.35,191.80,111.88,142.56,3.05,0.315,2460147.90,2023-07-22.4,1.14e+03,3.13,0.235,91.3,2.24,3.59,2.6e-08,2.4e-09,5.6e-08,2.3e-06,2.4e-05,2.5e-05,2.3e-06,3.4e-09,5.3e-10,7.4e-06,1.9e-06,AMO,"Otto Matic",26430,1951-08-26,2024-01-05,984,,,0,.40668,,,,,,,,,
" 27346 (2000 DN8)",,,20027346,27346,,,Y,N,0,15.88,,,,,,,1.802,,0.256,0.068,,,,,,0.07,"JPL 321",2460600.5,60600,2024-10-17.0,J2000,0.3990,1.875,1.127,36.95,135.19,269.29,295.12,2.62,0.3838,2460769.54,2025-04-04.0,938,2.57,0.444,173,3.35,3.66,1.7e-09,6.7e-10,3.3e-09,1.4e-07,2.3e-07,2.8e-07,6.8e-07,9.4e-10,2.1e-10,1.9e-06,5.0e-07,AMO,"Otto Matic",16823,1978-08-24,2024-09-14,1464,,,0,.52516,,,,,,,,,
" 29075 (1950 DA)",,,20029075,29075,,,Y,Y,0,17.29,,,,,,,1.3,,0.070,2.1216,,,,,,0.13,"JPL 265",2460600.5,60600,2024-10-17.0,J2000,0.5077,1.699,0.836,12.16,356.59,224.76,223.31,2.56,0.4451,2460907.61,2025-08-20.1,809,2.21,0.0385,15,2.48,4.03,1.2e-08,9.3e-10,2.0e-08,2.6e-07,3.5e-06,5.7e-06,2.0e-06,1.4e-09,3.7e-10,4.7e-06,6.6e-07,APO,"Otto Matic",26885,1950-02-23,2023-10-03,1124,8,4,0,.48934,,,,-5.2e-15,1.0e-15,,,,
" 30825 (1990 TG1)",,,20030825,30825,,,Y,N,0,14.72,,,,,,,,,,2.62428,,,,,,,"JPL 582",2460600.5,60600,2024-10-17.0,J2000,0.6812,2.436,0.777,8.74,205.02,33.67,40.46,4.10,0.2592,2460444.38,2024-05-13.8,1.39e+03,3.8,0.0692,26.9,0.965,3.13,1.1e-08,1.7e-09,2.7e-08,2.6e-06,1.7e-05,1.7e-05,2.1e-06,2.9e-09,2.8e-10,7.8e-06,1.5e-06,APO,"Otto Matic",12446,1990-09-16,2024-10-13,3169,1,1,0,.36812,,,,,,,,,
" 30997 (1995 UO5)",,,20030997,30997,,,Y,N,0,17.29,,,,,,,,,,,,,,,,,"JPL 71",2460600.5,60600,2024-10-17.0,J2000,0.6432,1.56,0.556,36.26,38.62,151.17,206.27,2.56,0.506,2460904.34,2025-08-16.8,712,1.95,0.402,156,2.53,4.01,1.5e-07,9.9e-09,2.3e-07,1.4e-05,1.2e-05,1.4e-05,3.9e-05,1.6e-08,4.8e-09,8.0e-05,6.8e-06,APO,"Otto Matic",10576,1995-10-26,2024-10-09,281,,,0,.59573,,,,,,,,,
" 31210 (1998 BX7)",,,20031210,31210,,,Y,N,0,16.40,,,,,,,,,,6.379,,,,,,,"JPL 271",2460600.5,60600,2024-10-17.0,J2000,0.5022,2.606,1.297,8.96,144.89,271.42,157.48,3.92,0.2343,2459928.27,2022-12-14.7,1.54e+03,4.21,0.356,138,1.61,3.21,1.9e-08,3.9e-09,5.1e-08,3.8e-06,1.8e-05,2.0e-05,3.6e-06,5.8e-09,5.2e-10,1.5e-05,3.4e-06,AMO,"Otto Matic",25004,1955-11-23,2024-05-08,1488,,,0,.42842,,,,,,,,,
" 31221 (1998 BP26)",,,20031221,31221,,,Y,N,0,17.30,,,,,,,,,,2.407,,,,,,,"JPL 200",2460600.5,60600,2024-10-17.0,J2000,0.2570,1.723,1.280,20.22,331.02,186.76,284.97,2.17,0.4357,2460772.72,2025-04-07.2,826,2.26,0.294,114,2.84,4.06,2.8e-09,1.4e-09,4.8e-09,2.3e-07,3.9e-07,8.4e-07,2.2e-06,1.7e-09,5.3e-10,5.3e-06,1.0e-06,AMO,"Otto Matic",9747,1998-01-28,2024-10-05,1140,,,0,.5036,,,,,,,,,
" 31345 (1998 PG)",Sq,,20031345,31345,,,Y,N,1,17.62,,,,,,,,,,2.5163,,,,,,,"JPL 195",2460600.5,60600,2024-10-17.0,J2000,0.3915,2.016,1.226,6.50,222.69,156.23,30.83,2.80,0.3444,2460510.99,2024-07-19.4,1.05e+03,2.86,0.234,91,2.67,3.72,5.7e-09,8.3e-10,1.1e-08,9.3e-07,5.2e-06,6.1e-06,2.0e-06,1.2e-09,2.1e-10,5.7e-06,6.5e-07,AMO,"Otto Matic",16799,1978-10-07,2024-10-04,1570,,,0,.47979,,,,,,,,,
" 31346 (1998 PB1)",Sq:,,20031346,31346,,,Y,N,1,17.16,,,,,,,,,,2.7358,,,,,,,"JPL 222",2460600.5,60600,2024-10-17.0,J2000,0.4297,2.03,1.158,5.96,299.71,350.49,28.40,2.90,0.3407,2460517.14,2024-07-25.6,1.06e+03,2.89,0.143,55.7,2.3,3.69,3.2e-08,1.3e-09,6.6e-08,3.2e-06,3.3e-05,3.3e-05,3.6e-06,1.9e-09,3.3e-10,1.1e-05,1.0e-06,AMO,"Otto Matic",9584,1998-07-14,2024-10-09,989,,,0,.40952,,,,,,,,,
